2113 3193
992 117 1012 167 ll

34 242 94 283 XXI.
108 241 216 282 2l.:”Ecn
229 240 250 279 δὲ
263 242 294 277 καὶ
307 238 357 277 ἄλλα
369 237 432 277 πολλοὶ
446 239 483 295 ὅσα
497 240 583 291 ἐποίησεν
603 238 702 291 ὁἸησαῦς,
720 241 777 278 ἅτινα
794 237 830 275 ἐὰν
846 236 942 287 γράφηται
962 236 1008 275 καθ’

35 313 65 356 ἓν,
80 309 126 348 οὐδὲ
140 307 199 347 αὐτὸν
212 308 264 356 οἶμαι
277 304 312 343 aaa
324 305 395 354 κόσμον
407 308 490 355 χωρῆσαι
504 306 528 343 eol
541 308 653 357 γραφόμενα
671 307 740 356 βιβλία.
771 306 824 345 Acta
842 304 913 342 diurna
930 303 1008 354 scripta

35 390 75 415 non
90 381 145 426 sunt,
162 388 199 414 nee
213 372 273 411 scribi
287 376 402 424 potuerunt,
418 371 465 423 quia
479 372 547 410 nredia
563 372 584 409 in
600 372 642 411 vita
658 372 718 411 Jesus
731 375 857 423 versabatur3
877 371 927 410 nihil
944 371 1008 423 igitur

34 444 131 492 restabat,
144 441 183 480 nisi
197 443 218 478 ut
231 439 309 491 singula
323 443 381 493 atquc
395 452 419 479 ea
432 439 539 490 imprimiS,
553 452 563 477 c
578 438 648 491 quibus
662 438 707 476 lnce
721 440 793 479 clarius
807 440 901 491 cognosci
919 443 1008 492 poterat,

35 510 106 550 Jesum
120 507 215 547 lllessiam
230 520 284 556 esse,
302 506 422 559 eligerentur
443 520 508 559 eaque
526 510 581 545 certo
600 505 669 544 ordine
688 510 814 559 veterumque
834 507 931 545 annalium
950 520 1008 545 more

36 578 79 616 sine
98 575 166 615 multis
183 574 302 613 ornamentis
318 575 496 625 perscriberentnr.
531 573 596 617 (luam
617 573 643 611 ad
659 585 702 611 rem
721 576 776 611 recte
794 574 934 613 instituendam
951 574 1008 613 iusta

38 648 82 684 erat
95 641 222 695 praeparatio
236 642 256 680 in
270 656 293 681 eo
307 642 380 693 posita,
394 643 446 693 qnod
459 642 553 695 Apostoli
567 642 661 694 primum,
679 640 837 692 deindehorum
850 641 941 693 discipuli
955 641 1008 682 Jesu

35 712 103 761 vitam,
118 710 227 749 doctrinam
241 723 265 748 ac
279 714 386 761 praecepta
399 708 424 747 iis
437 711 518 748 tradere
532 710 665 761 cogebantur,
683 708 700 746 si
715 721 764 761 quos
781 708 807 746 ad
821 705 918 746 Christum
931 710 1008 749 vellent

35 779 153 831 perducere.
185 776 225 814 Sed
242 776 334 829 qnoniam
352 776 444 828 Apostoli
461 776 569 816 Aramaiea
587 776 674 816 dialecto
693 776 799 814 utebantur
817 779 836 812 ct
853 775 908 813 initio·
925 778 1005 827 quidem

35 860 80 884 eum
93 844 178 883 Judaeis
191 843 305 895 plerumque
320 843 405 895 colloqui
419 843 518 894 solebant,
532 844 569 884 huc
582 846 616 885 via
629 857 668 882 non
682 849 722 881 tam
737 856 820 894 graece,
834 855 892 895 quam
906 844 1005 883 ararnaice

35 913 130 964 seriptum
139 910 267 963 Evangelium
280 916 395 949 nasceretur
406 924 491 950 necesse
503 916 552 961 erat,
562 912 621 965 idque
631 925 679 951 vere
690 911 792 950 exstitisse
802 910 917 962 antiquitus,
924 923 936 947 a
944 909 1006 960 pluri-

34 980 73 1019 bus
81 983 172 1019 veterum
182 979 280 1017 docemur.
301 976 347 1016 dam
360 992 407 1018 nero
421 992 481 1030 qnnm
494 978 551 1016 rnrrlti
564 979 603 1017 ista
613 982 679 1017 aetate
687 978 762 1017 Graeci
771 992 814 1016 enm
821 976 906 1016 Judaeis
915 978 1006 1017 viverent

36 1060 144 1098 eorumque
162 1059 220 1085 sacra
237 1049 374 1098 sequerentur,
395 1046 444 1084 adeo
461 1046 577 1098 priusquam
597 1047 636 1097 ipsi
657 1045 744 1098 gentiles
762 1059 829 1097 omncs
853 1044 943 1084 hlosaica
959 1046 1006 1098 lege

36 1114 117 1153 sublata
131 1114 155 1152 ad
163 1112 264 1152 Christum
276 1118 405 1162 vocarentur,
414 1114 527 1152 necessitas
538 1119 608 1153 exorta
618 1118 654 1163 est,
661 1112 742 1152 Graeca
751 1113 819 1164 lingua
828 1113 848 1150 in
858 1111 936 1151 Uhristo
947 1127 1004 1164 prae-

36 1182 121 1220 dicando
140 1181 214 1220 utendi.
240 1179 273 1218 Ita
291 1181 316 1218 ad
330 1180 438 1232 discipulos
452 1180 597 1232 Apostolorum
610 1181 661 1219 haee
673 1195 707 1220 res
721 1181 785 1230 venit,
802 1181 853 1219 inter
867 1193 915 1231 qnos
928 1182 1004 1232 primns

34 1248 117 1288 Marcus
131 1247 187 1287 Petri
202 1248 311 1299 ἑρμηνευτής
323 1253 411 1287 vocatur.
439 1247 533 1288 Graecae
548 1254 614 1288 autem
630 1248 710 1299 linguae
727 1248 767 1287 hae
783 1248 861 1287 ratione
876 1248 967 1299 contigit,
980 1253 1002 1287 ut

33 1320 139 1368 postquam
156 1315 210 1354 mille
224 1328 260 1365 per
276 1328 337 1353 annos
351 1315 446 1354 floruerat
463 1322 484 1354 et
500 1316 591 1368 plurimis
607 1316 672 1367 poetis
689 1320 709 1354 et
726 1315 857 1368 scriptoribus
874 1315 1004 1355 immortalem

34 1386 95 1421 nacta
115 1388 159 1421 erat
181 1382 276 1434 gloriam,
298 1381 425 1423 Christianae
448 1384 510 1422 etiam
531 1385 636 1423 doetrinae
655 1383 759 1423 inserviret
779 1384 882 1434 ipsamque
901 1383 1006 1422 veritatem

34 1449 148 1488 horninibrrs
162 1448 292 1501 patefaceret.
319 1449 385 1502 Atque
399 1451 416 1491 si
430 1451 519 1490 Atticam
538 1451 660 1504 elegantiam
677 1451 696 1489 in
709 1450 765 1490 Novo
782 1450 914 1489 Testamento
930 1450 1005 1490 frustra

36 1517 156 1569 quaerimus,
170 1517 262 1570 quoniam
276 1517 309 1570 qni
323 1517 397 1557 Judaci
407 1518 487 1559 Graece
501 1520 592 1558 scribere
606 1519 734 1570 cogebantur,
748 1531 803 1556 suam
813 1518 901 1568 ipsorum
914 1523 1005 1557 naturam

34 1583 55 1622 in
65 1583 189 1623 Graecorum
197 1583 267 1636 lingua
275 1598 324 1636 prae
334 1599 355 1624 se
365 1586 457 1636 tulerunt,
471 1591 542 1625 contra
551 1587 585 1638 qni
593 1586 714 1626 Graecorum
725 1599 751 1624 ex
760 1598 842 1624 numero
852 1587 1004 1625 commentarios

35 1651 59 1689 de
77 1649 127 1690 Jesu
147 1652 188 1692 vita
208 1653 296 1691 scrihere
314 1654 378 1692 eonati
396 1659 451 1704 sunt,
471 1655 517 1706 ipsa
534 1668 559 1693 ex
577 1654 616 1693 hae
632 1667 655 1692 re
672 1653 733 1693 multa
753 1653 860 1704 peregrina
877 1659 1004 1706 aeceperunt:

33 1722 101 1757 tamen
115 1719 136 1757 hi
151 1733 228 1772 quoque
242 1720 288 1758 libri
302 1720 399 1771 peculiari
413 1735 449 1760 sna
465 1721 615 1772 pulchritudine
634 1725 654 1760 et
670 1721 741 1761 virtute
759 1720 871 1771 splendent.
901 1721 925 1760 Id
941 1723 1006 1774 ipsum

33 1790 100 1824 autem
117 1788 154 1825 hos
168 1787 275 1837 scriptores
288 1786 339 1827 Novi
352 1788 479 1828 Testamenti
493 1790 602 1829 historicos
619 1789 731 1841 legentibus
748 1802 828 1839 semper
844 1790 951 1828 tenendum
969 1795 1006 1840 est,

34 1866 102 1892 omnes
117 1854 242 1893 narrationes
256 1867 282 1892 ex
295 1856 396 1895 arauraiea
408 1856 477 1907 lingua
490 1857 511 1894 in
526 1871 621 1908 graecam
633 1856 740 1895 translatas
754 1869 805 1895 esse.

125 1921 218 1961 Ceterum
232 1921 283 1959 inter
296 1920 346 1961 Jeso
361 1928 381 1962 et
393 1923 537 1974 Apostolorum
551 1925 656 1964 historiam
672 1937 761 1975 magnum
776 1924 883 1963 discrimen
897 1930 945 1964 erat.
968 1924 1004 1964 Illa

34 1987 86 2026 enim
100 1987 155 2027 linita
170 1993 220 2028 erat:
238 1989 336 2041 huncqui
351 2004 443 2030 enarrare
458 1992 592 2044 suscipiebat,
610 1992 676 2031 medio
690 1991 710 2029 in
726 2004 791 2029 rerum
807 1992 891 2030 decursu
911 1993 1006 2043 incertus,

33 2069 91 2107 quem
100 2054 159 2096 finem
170 2055 235 2094 omnia
243 2056 336 2096 habitura
346 2063 419 2108 essent,
428 2049 508 2111 singola
522 2061 601 2112 quidem
611 2059 746 2111 perscribere,
756 2060 809 2110 quod
817 2063 882 2098 autom
889 2061 1003 2113 requiritur,

32 2126 55 2160 ut
68 2122 120 2161 liber
134 2123 240 2162 historicus
255 2126 378 2164 commodum
392 2126 466 2165 exitum
481 2127 563 2177 habeat,
577 2129 599 2167 id
615 2127 694 2181 quidem
709 2124 790 2164 efficere
804 2140 844 2164 non
857 2129 927 2179 potuit.
950 2127 1003 2167 Hinc

34 2190 117 2229 dnornur
131 2191 201 2232 Lucae
214 2190 308 2231 librorum
323 2193 401 2233 diversa
416 2199 445 2233 est
461 2196 526 2246 ratio,
544 2196 599 2247 prior
618 2195 669 2234 euim
688 2193 769 2232 exordio
788 2199 808 2233 ct
826 2194 905 2246 epilogo
923 2201 1004 2234 ornatus

33 2261 71 2306 est,
84 2260 185 2308 posterior
198 2260 299 2311 prooemio
313 2261 391 2313 quidem
402 2276 439 2301 uon
455 2268 517 2312 caret,
532 2265 567 2302 sed
581 2263 648 2303 modia
661 2263 681 2300 in
690 2260 804 2300 narratione
813 2266 894 2312 praeter
903 2259 1006 2315 euspecta·

32 2324 106 2362 tionem
121 2327 187 2365 snbito
201 2328 279 2367 desinit.

494 2430 540 2474 Ill.

124 2527 151 2566 Ut
164 2527 241 2566 litteras
262 2542 329 2569 onmes
351 2533 424 2571 sensim
438 2547 476 2572 noc
490 2533 534 2573 siue
548 2532 669 2573 continuatis
684 2530 784 2569 hominnm
802 2531 854 2571 curis
869 2536 889 2570 et
902 2532 1001 2571 laboribus

33 2594 98 2633 excoli
108 2596 204 2644 videmus,
217 2595 245 2633 ita
259 2596 319 2635 etiam
333 2599 353 2638 in
366 2601 452 2640 historia
466 2603 516 2640 certi
532 2604 632 2652 cujusdam
647 2599 744 2649 temporis
759 2599 864 2638 scribenda
877 2613 915 2637 non
928 2600 952 2637 ab
963 2613 1003 2639 nno

31 2660 110 2700 homine
128 2665 193 2703 omnia
209 2661 277 2715 perlici
295 2673 387 2718 possunt,
408 2669 442 2707 sed
460 2669 584 2719 pedetentim
602 2668 688 2716 aluntur,
708 2667 1004 2721 pubescuntmaturitatemque

32 2735 170 2781 assequuntur.

124 2796 143 2838 V
145 2812 199 2838 erum
213 2800 291 2853 quidem
306 2805 347 2851 est,
361 2803 500 2852 Thucydidem
517 2811 537 2845 et
551 2805 659 2844 Gaesarem
673 2803 770 2843 bellorum
785 2807 884 2855 gestorum
891 2802 1004 2857 ,historiam

855 2869 865 2895 n
