2113 3193
975 121 1005 172 33

39 246 143 286 nectendis
157 249 226 285 auctor
240 244 320 295 scripsit
334 244 387 294 libri,
401 243 511 283 clarissime
526 244 596 295 aperit.
618 243 677 283 Duae
690 257 723 283 res
737 243 787 282 enim
802 247 854 288 sunt,
869 254 920 295 quae
934 241 1006 281 inhac

40 313 139 365 Stephani
152 326 202 352 nece
216 311 301 351 animum
315 312 425 360 advertunt,
439 309 594 349 Christianorum
608 311 699 361 expulsio
714 324 740 349 cx
753 312 810 357 urbe,
823 302 849 350 'et
863 309 920 349 Sauli
929 310 955 348 -in
964 321 1005 348 ⁴eos

39 380 136 431 saevitia,
143 377 365 434 quorumdamque
379 379 404 417 ad
411 376 488 416 Christi
499 377 594 415 honorem
601 379 753 429 propagandum
768 378 865 430 effecerit,
874 379 939 430 primo
950 390 1008 417 enar-

39 453 104 498 ratur,
121 449 196 491 πάντες,
207 445 229 483 δὲ
245 444 372 497 διεσπάρησαν
388 444 441 484 κατα·
450 444 484 491 τας
498 445 560 496 χώρας
576 445 608 495 τῆς
620 442 718 490 Ἰουδαίας
729 449 760 484 καί
775 449 884 498 Σαμαρείας
900 446 949 498 πλὴν
966 447 1011 484 raes

40 514 157 555 ἀποστόλων.
170 512 227 553 VIII.
240 512 260 554 l.
273 529 301 543 —‘
313 512 336 553 Oi
348 517 383 565 μὲν
396 512 432 554 οὖν
444 512 579 564 διασπαρέντες
587 510 700 562 dathilec...
718 510 776 553 VIII.
789 516 815 564 4,,
831 514 895 553 altera
909 516 934 553 ad
950 512 1009 553 Sauli

41 582 191 623 conversionem
210 579 336 620 referendam
356 582 473 632 scriptorem
494 579 560 620 duxit:
590 578 666 624 Σαῦλος
688 577 710 616 δὲ
729 578 836 630 ἐλυμαίνετο
856 581 896 632 τὴν
910 581 1011 634 ἐκκλησίαν

39 636 95 691 VIII.
117 650 135 689 3.
152 646 174 688 Ὀ
194 648 215 686 δὲ
234 649 308 695 Σαῦλος
328 647 356 686 ἔτι
369 647 454 698 ἐμπνέων
473 647 555 699 ἀπειλῆς.
575 645 613 686 ΙΧ.
636 645 756 689 1.”(λμίλομσ
780 646 846 686 Lucas
866 662 924 701 quum
947 649 1010 688 satis--

40 717 119 767 fecerit,
133 729 204 769 pacem
218 715 314 760 ecclesiae
322 715 427 755 redditam
440 715 542 765 praedicat
553 713 654 765 simulque
663 714 700 752 sibi
710 714 765 754 viam
779 716 805 754 ad
821 721 925 766 sequentes
937 730 1006 755 narra·

40 786 106 824 tiones
117 783 184 825 munit.
199 782 299 833 ltaigitur
308 783 362 835 quasi
376 781 430 821 filum
440 781 593 821 cratiouissuae
600 782 663 820 donec
677 777 704 819 ad
715 781 775 822 linern
784 782 901 834 pervenerit
906 783 938 821 ille
947 785 1006 822 dedu-

41 840 75 903 bit,
88 856 109 890 ut
124 865 147 890 ex
162 851 206 902 ipso
219 863 286 889 rerurn
296 863 352 889 nexu
366 850 445 889 divInae
459 847 554 887 ecclesiae
567 849 683 900 gubernatio
697 856 834 901 cognoscatur.

132 917 175 957 Nec
188 917 247 956 aliter
263 921 296 956 est
307 915 440 963 conformata,
456 929 507 969 quae
525 916 549 954 de
563 914 656 954 Cornelio
673 915 725 955 inter
738 916 863 956 Christianos
880 921 963 969 recepto
977 930 1009 957 se-

30 980 121 1041 quitur,
134 984 222 1041 narratio
238 983 276 1024 IX.
290 983 449 1029 32.—-XI.,18;‚
465 980 487 1022 iu
504 996 543 1035 qua
559 981 609 1021 Jesu
626 983 789 1036 Christi-'deique
806 985 933 1036 providenda
943 983 1009 1036 ‘quam

5 1091 7 1096 ,
41 1054 128 1095 maxime
142 1052 265 1105 celebratur3
279 1040 330 1105 quae
343 1051 432 1091 narratio
448 1051 481 1090 ubi
499 1048 592 1089 consecra
601 1054 641 1099 est,
654 1050 824 1104 iterumscriptor
840 1050 886 1091 tere
897 1054 921 1091 ad
933 1053 1012 1092 ‘eadem‘

33 1122 102 1163 'verba
119 1120 182 1170 redit,
198 1133 249 1172 quae
265 1119 305 1160 iam
319 1118 378 1160 vlss.
392 1119 518 1170 delegimus:
536 1115 560 1156 Oi
572 1115 655 1168 μὲνοῦν
667 1118 802 1170 διασπαρέντες
817 1118 857 1158 ἅμα
873 1123 905 1171 τῆς
920 1120 1011 1176 θλίψεως

41 1191 73 1241 τῆς
81 1190 180 1239 γενομένης
189 1188 220 1226 ἐπὶ
227 1188 320 1241 Σττφοίνμ
329 1187 487 1239 διῆλθονςομρμο
496 1185 574 1225 ratione
583 1198 639 1224 suurn
648 1185 667 1224 in
677 1185 820 1226 concinnandis
828 1187 861 1225 bis
870 1187 953 1238 siugulis
962 1200 1012 1225 cra-⁴

41 1256 129 1295 tionibus
138 1254 242 1294 artificium
251 1254 350 1305 ostendit,
358 1255 410 1307 quod
423 1258 484 1293 utest
498 1266 609 1293 exsumrno
619 1252 699 1292 consilio
709 1254 766 1301 deum
781 1254 1007 1304 celebrancicxcrtum,

40 1324 70 1363 ita
84 1327 104 1363 et
113 1322 241 1374 simplicitate
255 1308 444 1374 quadamsex'cellit.
467 1344 474 1348 ==
692 1361 694 1365 ,
824 1331 826 1335 ’
899 1332 900 1335 ’

132 1389 294 1441 Hissexplicatis
314 1389 347 1443 qui
369 1393 389 1428 et
409 1388 440 1428 rei
456 1387 619 1428 difficultateso
632 1388 786 1441 'Lucauragna
807 1394 851 1428 arte
868 1393 1008 1441 superataset
1053 1404 1055 1408 ⁴

42 1471 112 1497 sacrae
125 1457 222 1496 historiae
233 1457 322 1496 indolem
335 1456 419 1496 mirifice
434 1461 570 1495 conservatam
584 1456 744 1508 essezinrelligit,
762 1457 868 1509 scriptoris
885 1457 969 1496 alaude
983 1469 1009 1496 se

41 1538 81 1564 non
95 1524 209 1573 continebit,
223 1524 256 1577 qui
270 1522 367 1569 summum
381 1525 434 1576 quod
443 1524 491 1576 eligi
503 1528 583 1576 poterat
591 1528 727 1576 argumentum
740 1525 830 1576 suscepit
843 1524 966 1578 munerique
974 1537 1008 1563 suc

42 1592 138 1631 nonsinc
152 1591 240 1630 maxima
253 1575 329 1642 pietate
340 1596 364 1630 ‘ct
377 1593 475 1643 gravitate
489 1590 593 1630 satisfecit.
617 1590 740 1631 Oniusliber
749 1593 806 1644 ‘quod
815 1592 896 1631 arnissis
910 1592 1013 1631 aliis=m0=

42 1659 141 1699 numentis
154 1658 266 1698 litterarum
279 1660 349 1699 eodem
357 1663 448 1711 ternpore
458 1659 538 1711 scriptis
547 1660 605 1699 nobis
614 1663 703 1699 servatus
717 1662 753 1709 est,
765 1673 860 1712 magnam
873 1660 899 1698 ad
912 1659 1009 1698 laetitiam

43 1728 132 1767 excitare
141 1740 177 1765 nos
190 1726 276 1766 debebit.
299 1725 424 1780 Quamquam
433 1727 485 1766 euim
494 1740 566 1778 parvae
579 1725 639 1765 molis
652 1731 689 1777 est,
701 1732 723 1766 ut
734 1722 799 1778 pauca
807 1727 944 1766 tantummodo
957 1740 1009 1765 com-

42 1795 104 1847 plecti
118 1793 211 1845 potuerit,
223 1792 308 1844 plurima
321 1798 398 1844 tamen,
411 1798 433 1833 ut
445 1793 541 1833 Erasmus
557 1797 613 1832 recte
629 1795 713 1845 monuit,
730 1795 834 1834 nobiscurrr
851 1794 1009 1843 communicavit,

43 1862 85 1901 sine
100 1861 170 1913 quibus
184 1859 284 1899 ecclesiae
298 1860 424 1901 Christianae
438 1861 541 1900 historiam
554 1874 612 1900 nemo
625 1866 713 1901 nostrum
726 1862 854 1914 intelligeret.

134 1927 288 1967 Concedendurn
301 1932 368 1968 tamen
383 1934 414 1968 est
426 1929 479 1981 quod
492 1928 601 1967 adversarii
610 1933 732 1979 monuerunt,
746 1930 766 1968 in
775 1929 836 1968 Pauli
847 1929 939 1981 epistolis
948 1929 1009 1969 multa

42 1996 127 2048 reperiri
141 2009 186 2034 cum
201 2008 226 2035 ex
234 1994 293 2034 huius
306 1996 343 2034 viri
353 1996 424 2036 summi
437 1996 485 2045 vita,
497 2000 539 2034 tum
553 2009 580 2036 ex
594 1995 693 2036 ecclesiae
703 1995 828 2037 Christianae
842 1998 921 2037 illorum
934 2002 1010 2049 ternpo-

42 2078 86 2104 rum
99 2063 194 2112 historia,
208 2076 289 2114 querum
303 2064 389 2115 vestigia
402 2064 455 2116 apud
467 2063 545 2110 Lucarn
561 2063 637 2103 frustra
651 2068 779 2117 [quaerentum
798 2066 835 2104 sed
853 2066 886 2118 qui
903 2069 1010 2116 propterea

42 2131 120 2170 Lucam
133 2130 281 2182 reprehendunt
293 2130 326 2170 vel
340 2131 450 2182 cousiliurn,
464 2145 502 2183 quo
515 2134 578 2169 totum
592 2131 663 2170 librurn
677 2133 820 2183 composuerit,
834 2133 881 2172 inde
895 2132 1009 2172 coniectura

43 2199 123 2251 assequi
137 2212 196 2250 posse
210 2198 248 2236 sibi
262 2198 364 2248 videntur,
377 2212 416 2238 non
430 2199 494 2239 minus
509 2203 585 2248 errant,
602 2212 659 2250 quarn
672 2200 689 2236 si
702 2197 792 2250 Paulum,
806 2201 860 2252 quod
873 2201 894 2239 in
907 2199 1010 2252 Epistolis,

43 2266 77 2305 ubi
90 2266 143 2305 vitae
157 2280 205 2306 suae
218 2280 251 2305 res
265 2265 368 2305 nonnullas
382 2267 458 2319 attigit,
473 2265 535 2306 multa
548 2280 599 2318 qnae
614 2267 664 2319 apud
677 2264 754 2305 Lucam
768 2272 856 2319 exstant,
868 2266 1010 2319 praetermisit,

42 2334 198 2384 vituperaverint
212 2338 232 2373 ct
246 2333 344 2373 occultum
358 2335 456 2386 quendam
469 2333 528 2372 finem
543 2334 638 2386 detegere
651 2334 749 2384 studeant,
762 2348 821 2387 quem
830 2336 850 2374 in
861 2334 952 2387 epistolis
962 2334 1009 2374 scri-

42 2400 113 2441 bendis
127 2405 207 2440 secutus
220 2400 286 2441 fuerit.
313 2401 393 2440 Etenim
406 2401 465 2453 longe
479 2401 526 2453 quid
540 2401 594 2441 aliud
608 2405 647 2451 est,
661 2401 756 2452 epistolas
770 2417 829 2455 quam
843 2403 948 2442 historiam
960 2401 1008 2441 sori-

42 2470 98 2519 bere,
112 2472 132 2507 ct
145 2467 202 2519 leges
215 2467 327 2519 peculiares
341 2483 389 2508 suae
402 2470 480 2522 utrique
489 2469 535 2508 huic
544 2469 626 2522 negotio
635 2472 655 2507 ct
664 2482 745 2508 normae
754 2471 779 2510 ab
790 2472 852 2510 altero
863 2470 1009 2511 diversissimae

44 2537 131 2588 scriptae
145 2539 196 2580 sunt.
216 2535 302 2574 Accedit
314 2551 369 2587 vero,
383 2538 435 2590 quod
444 2537 503 2577 viram
513 2536 571 2575 Pauli
581 2535 672 2589 Apostoli
685 2536 705 2575 iu
713 2536 773 2577 Actis
783 2538 924 2590 Apostolorum
933 2537 1010 2576 Lucam
1048 2533 1050 2537 ’

44 2617 137 2643 enarrare
157 2616 195 2643 nec
212 2603 301 2654 potuisse
318 2618 355 2644 nec
369 2604 455 2649 voluisse
469 2608 553 2655 constat,
567 2609 587 2644 ct
598 2603 671 2643 talibus
685 2604 706 2642 in
718 2605 786 2657 rebus,
800 2620 850 2659 quae
864 2607 885 2645 in
898 2605 955 2645 Pauli
968 2605 1011 2645 vita

45 2672 153 2721 evenerint,
167 2672 192 2710 ad
204 2684 262 2709 unum
272 2672 337 2709 omnia
346 2672 445 2723 preferre,
459 2671 511 2711 nullo
526 2673 544 2711 ei
558 2672 615 2711 rncdo
626 2676 660 2710 aut
667 2675 803 2712 necessarium
812 2673 875 2726 fucrit
884 2678 918 2712 aut
927 2672 1010 2713 licuerit.

134 2737 213 2777 Clarior
226 2742 291 2777 autern
305 2739 356 2778 haec
369 2754 403 2780 res
416 2740 459 2783 ficri
473 2740 552 2792 poterit,
566 2740 582 2778 si
597 2739 709 2791 exemplum
724 2755 749 2780 ex
758 2742 885 2794 antiquarum
898 2740 1011 2780 litterarum

43 2807 128 2847 lristoria
141 2807 225 2858 petiturn
239 2805 384 2848 contulerimus.
967 2796 969 2799 ¹

876 2871 887 2911 5
