2113 3193
56 135 86 178 16

56 269 126 306 orum,
146 255 216 295 ‚lesum
233 254 359 293 interimendi
380 255 486 293 maximam
504 254 545 293 vim
564 256 679 295 exercuisse
696 255 797 306 perhibet,
814 255 853 306 XI,
870 257 902 296 47.
930 256 1031 299 Quamdiu

56 324 111 363 enim
125 322 188 363 Jesus
202 321 282 371 saepius
295 320 315 359 in
326 320 422 361 Galilaea
435 325 455 360 et
469 320 562 361 Samaria
578 324 743 374 commorabatur,
759 328 799 362 tam
812 323 882 374 procul
896 324 921 362 ab
935 323 1032 364 Hieroso-

56 390 117 438 lymis
130 393 219 429 remotus
234 402 277 427 esse
290 389 353 428 videri
367 393 453 441 poterat,
466 394 488 428 ut
501 404 541 429 non
555 404 675 444 magnopere
689 405 733 430 eum
745 392 842 431 timerent.
867 389 896 429 Ut
908 404 958 431 vero
971 393 1033 443 venit,

57 458 128 496 urbem
142 456 230 507 intravit,
243 455 311 508 templi
327 457 453 496 sanctitatem
462 459 556 507 restituit,
570 459 669 510 inultaque
682 456 732 495 fecit
744 458 839 497 miracula
853 463 873 497 et
888 459 1031 509 complurimis

58 523 223 563 Sadducaeorum
238 527 258 562 et
267 523 422 563 Pharisaeorum
435 523 525 564 feliciter
534 524 648 575 disputavit,
662 524 687 561 ad
700 522 832 563 festinandum
846 530 927 564 coactos
941 540 964 565 se
977 527 1032 566 uide-

57 592 112 639 bant,
126 604 165 630 neo
178 589 253 630 Judam
267 592 389 642 proditorem
402 591 541 642 repudiabant.

150 658 211 697 Hauc
224 658 287 710 igitur
300 662 374 710 partem
383 657 450 696 Lucas
463 658 559 696 intactam
573 657 617 697 fere
631 657 710 710 reliquit
723 658 761 697 nisi
775 660 827 711 quod
840 659 926 711 singula,
939 664 961 698 nt
974 674 1032 712 prae-

57 726 135 765 claram
150 728 174 765 de
189 726 294 777 discipulis
303 725 437 764 Emmauntem
451 724 626 775 proficiscentibus
639 726 779 775 narrationem,
791 725 868 774 XXIV,
883 727 907 766 13
917 741 966 780 sqq,
980 742 1032 781 quae

57 792 149 832 indolem
164 798 185 833 et
198 798 288 832 naturam
302 791 378 830 exordii
393 805 439 842 prae
456 805 478 830 se
497 791 548 843 fert,
565 794 651 843 addidit3
668 794 703 832 sed
721 807 771 845 quae
787 798 894 845 praeterea
907 801 1033 847 reppererat,

57 861 112 900 iuter
125 866 231 913 utramque
244 862 320 910 partem
334 859 423 908 inseruit,
435 857 473 908 lX,
487 859 625 911 51-XVlll,
640 860 669 901 11,
691 860 734 900 Nee
747 862 851 909 immerito,
866 861 914 914 quia
928 876 952 901 ea
966 864 1032 902 omnia

57 927 203 976 Hierosolyma
216 927 285 966 urbem
298 939 338 964 non
352 926 481 978 attingebant.

150 996 191 1034 Ubi
204 995 266 1045 igitur
279 994 359 1033 Marcus
375 994 458 1033 alteram
477 999 558 1045 partem
575 995 701 1047 aggreditur,
719 996 789 1046 X‚.1,
805 997 884 1049 iterque
903 997 928 1043 εἰς
946 998 970 1036 rol
987 999 1031 1050 ὅριοι

58 1065 90 1114 τῆς
107 1063 205 1109 Ἰουδαίας
225 1065 338 1112 susceptum
355 1066 443 1110 enarrat,
467 1061 537 1101 Lucas
561 1065 647 1102 nondum
668 1077 711 1102 eum
731 1064 832 1116 sequitur,
854 1065 891 1103 sed
912 1064 944 1102 his
964 1065 1032 1105 verbis

57 1143 116 1168 usus:
128 1128 214 1178 Ἐγένετο
226 1128 248 1167 δὲ
261 1129 282 1167 ἓν
295 1130 321 1182 τῷ
329 1129 489 1181 ,συμπληροῦσθαι
506 1129 541 1174 rog
553 1128 624 1182 ἡμέρας
640 1133 671 1182 τῆς
688 1129 800 1186 ἀναλήψεως
814 1131 874 1170 αὐτοῦ
887 1134 919 1170 aab
937 1130 997 1178 οὗτος
1009 1132 1031 1171 τὸ

57 1198 162 1249 πρόςωπον
176 1196 239 1236 eaeor?
256 1196 336 1248 ἕσοήριξε
352 1197 519 1246 οοῦπορεύεσθαι
536 1197 562 1242 εἲς
575 1196 702 1249 Ἰερουσαλήμ,
719 1211 769 1250 quae
787 1203 896 1238 memoratu
914 1199 1033 1251 dignissima

57 1269 104 1303 sunt
121 1264 219 1315 ostendit,
236 1277 258 1302 se
272 1277 298 1302 ex
311 1263 383 1302 ultimis
397 1263 531 1313 temporibus,
548 1264 619 1315 quibus
633 1263 694 1303 Josus
708 1266 752 1304 urbi
769 1266 866 1305 interdum
884 1267 1032 1320 appropinqua-

58 1332 121 1381 verit,
134 1331 229 1370 nonnulla
242 1331 365 1382 proditurum
380 1344 432 1371 esse.
460 1329 518 1373 Quod
532 1331 550 1369 si
564 1332 669 1381 sumimus,
683 1345 707 1370 ea
720 1337 777 1383 parte
791 1334 887 1384 absoluta,
902 1347 941 1386 qua
954 1335 1033 1384 priores

58 1399 104 1437 anni
120 1399 254 1446 eontinentur,
267 1399 366 1450 posterior
379 1399 475 1449 sequitur,
489 1411 548 1450 quam
561 1399 707 1449 praecedentes
721 1398 861 1451 Euangelistae
879 1400 924 1440 fere
937 1401 1033 1453 neglexe-

57 1470 111 1513 rant,
125 1465 194 1505 Lucas
208 1479 259 1504 uuus
272 1466 325 1505 novit
339 1466 458 1504 accuratius

151 1533 198 1572 dam
207 1547 265 1585 quum
273 1533 311 1572 hae
318 1533 337 1571 in
345 1532 473 1584 parteanas
483 1547 508 1571 ea
517 1534 680 1585 comprehendat,
687 1547 737 1586 quae
745 1536 770 1574 ad
779 1534 984 1583 Hierosolymitanum
994 1536 1033 1575 iter

58 1605 79 1640 et
92 1600 163 1640 ultima
171 1602 226 1650 ritae
235 1605 325 1652 tempora
334 1601 440 1651 pertinent,
453 1613 492 1639 uon
501 1602 573 1639 mirum
583 1606 621 1651 est,
635 1602 687 1653 quod
696 1601 733 1640 hoe
742 1601 785 1653 ipso
795 1602 814 1640 in
825 1602 869 1640 loeo
879 1602 920 1640 iam
930 1604 1034 1654 proposuit

58 1682 110 1720 quae
121 1669 234 1708 Bethaniae
248 1672 305 1720 gesta
315 1682 359 1707 esse
370 1682 396 1706 ex
404 1667 502 1706 Johanuis
511 1668 563 1708 libro
573 1668 708 1719 cognovimns,
721 1667 747 1718 X,
756 1669 786 1708 38.
805 1667 905 1711 Quoniam
915 1675 980 1709 auteur
990 1671 1033 1722 plu-

58 1737 99 1775 ries
113 1737 153 1775 iter
169 1735 219 1775 illud
233 1739 301 1786 antea,
317 1735 378 1784 Xlll,
394 1736 429 1786 22,
445 1734 514 1783 XVII,
532 1735 567 1784 11,
587 1733 744 1788 significaverat,
762 1749 799 1788 quo
811 1736 853 1775 loco
869 1737 895 1775 ad
911 1751 936 1776 ea
954 1738 1034 1777 redibat

58 1817 110 1855 quae
124 1803 190 1843 Marci
204 1805 224 1842 in
233 1802 342 1854 Evangelio
354 1806 396 1854 jam
405 1803 491 1842 maxima
505 1817 532 1842 ex
541 1808 599 1855 parte
608 1803 688 1855 prodita
699 1808 761 1851 erant,
774 1817 824 1856 quae
838 1803 865 1842 ibi
878 1805 984 1843 transitum
998 1819 1033 1857 pa-

58 1871 139 1921 rabant,
153 1871 242 1911 abiicere
251 1875 329 1923 poterat
338 1884 402 1923 neque
411 1870 452 1909 ulla
464 1871 543 1910 ratione
553 1885 599 1910 sese
613 1885 639 1910 ex
652 1869 740 1909 fontibus
754 1870 837 1911 diversis
852 1870 945 1911 hausisse
960 1873 1033 1913 docuit.

151 1938 272 1990 Exspectari
287 1943 352 1977 autem
367 1939 445 1976 omnino
460 1943 532 1989 potest,
547 1952 592 1978 eum
606 1939 639 1991 qui
653 1937 713 1976 multa
726 1951 777 1978 nova
790 1951 841 1990 quae
855 1939 939 1978 adderet
953 1954 1033 1992 repere-

58 2009 97 2055 rat,
111 2019 151 2044 non
165 2020 236 2057 posse,
250 2004 297 2044 lieet
310 2007 422 2046 universam
435 2019 501 2045 rerum
515 2007 589 2046 seriem
603 2006 698 2053 retineat,
716 2005 794 2056 singula
808 2019 899 2059 quaeque
913 2008 989 2047 intacta
1002 2022 1034 2048 re-

58 2073 157 2125 linquere.
188 2073 258 2125 Neque
279 2074 299 2111 id
315 2073 383 2113 Lucas
400 2072 454 2112 fecit.
481 2073 525 2112 Non
548 2079 614 2112 autem
632 2077 663 2112 est
680 2071 770 2122 difficile,
787 2087 811 2112 ea
828 2087 878 2126 quac
896 2075 941 2125 ipso
958 2077 1034 2126 primns

58 2141 178 2192 narraverit,
193 2141 217 2179 ab
232 2140 257 2178 iis
271 2154 382 2191 secernere,
398 2153 447 2193 quae
461 2140 541 2180 aliunde
555 2145 655 2180 rrurtuatus
670 2143 709 2187 est,
723 2140 769 2193 quia
782 2141 863 2192 propria
877 2142 975 2180 orationis
990 2144 1033 2192 ejus

59 2213 90 2248 est
100 2208 185 2257 indoles,
199 2221 250 2260 (putre
261 2213 376 2248 ornamenta
385 2222 423 2246 uon
433 2209 498 2246 omnia
506 2209 630 2260 repudiauit:
646 2208 695 2258 [prod
705 2207 821 2259 intelligent,
831 2208 943 2260 quicunque
953 2213 1034 2260 praeter

60 2289 96 2315 eas
109 2280 184 2327 partes,
199 2288 248 2329 quas
260 2278 301 2326 jam
315 2275 423 2327 tetigimus,
437 2277 541 2315 nonnullas
555 2276 662 2328 parabolas
676 2275 753 2314 aLnoa
767 2275 809 2313 solo
824 2280 928 2314 enarratas
938 2276 1031 2329 perlege-

58 2345 93 2393 rit,
107 2356 180 2394 magua
194 2349 236 2382 arto
250 2344 345 2395 insigues.
368 2343 470 2383 Habemus
484 2349 551 2383 auteur
566 2347 702 2396 argmuentum
717 2343 853 2393 certissimum,
867 2342 945 2382 Lucam
959 2344 979 2383 in
992 2345 1034 2385 vita

59 2411 136 2451 Christi
151 2410 264 2461 singulatim
279 2412 399 2462 explicanda
412 2424 450 2449 uon
464 2415 505 2449 tam
518 2417 540 2450 ut
553 2415 648 2462 coeperat
661 2415 780 2461 temporum,
794 2423 852 2461 quam
865 2410 955 2450 locorum
970 2412 1033 2450 divor-

59 2479 126 2519 sitatis
147 2477 364 2518 rationem-babuisse.
404 2477 460 2522 Quae
479 2479 532 2517 cuim
554 2481 578 2518 de
599 2477 743 2517 Nazarethauis
763 2476 832 2516 Josum
852 2479 991 2531 spernentibus
1014 2483 1034 2517 et

59 2547 190 2592 lllatthaeus,
203 2545 261 2596 Xlll,
274 2547 309 2596 53,
323 2552 342 2586 ot
356 2546 443 2595 rllarcus,
457 2545 492 2594 Vl,
508 2546 525 2595 1,
539 2561 575 2585 suo
589 2547 634 2585 loco
648 2550 786 2594 narraverunt,
803 2560 827 2585 ea
840 2545 908 2585 Lucas
926 2545 993 2583 statim
1008 2546 1033 2584 ab

59 2615 115 2653 initio
130 2612 209 2666 posuit,
228 2614 266 2651 uisi
281 2613 348 2665 fallor,
368 2619 390 2653 ut
407 2615 430 2653 ab
449 2614 520 2652 eodem
537 2614 581 2653 loco
599 2615 624 2653 do
641 2626 678 2664 quo
697 2612 716 2649 in
736 2613 902 2663 praecedeutibus
916 2613 957 2652 iam
970 2613 1033 2653 multa

62 2682 146 2731 dixerant,
161 2693 258 2732 quemque
272 2680 332 2720 Jesus
346 2682 432 2734 reliquit,
445 2684 466 2718 ut
477 2679 609 2732 Capernauuri
625 2694 668 2720 curu
683 2680 723 2717 suls
736 2681 812 2720 uersari
826 2680 929 2731 inciperet.
950 2680 993 2720 Nec
1007 2682 1032 2720 ab

62 2761 84 2787 eo
95 2749 178 2789 consilio
188 2747 264 2788 retrahi
274 2753 380 2798 propterea
389 2764 410 2788 se
420 2762 492 2801 passus
503 2752 540 2798 est,
550 2750 602 2801 quod
612 2761 663 2802 quac
671 2747 695 2785 ad
705 2749 816 2799 posteriora
825 2753 914 2798 tempora
924 2750 1032 2800 pertinent,

60 2820 244 2856 commemorantur.
272 2813 339 2857 (tutuo
357 2816 426 2856 melius
443 2816 532 2856 fortasse
546 2815 614 2855 Lucas
630 2829 672 2854 reru
686 2816 714 2854 ita
727 2817 854 2866 instituisset,
872 2820 895 2854 ut
911 2821 969 2856 vetus
983 2815 1032 2855 illud
