2113 3193
977 123 1012 167 ,τι
1047 181 1050 184 ᾗ

40 249 86 298 'Epci
102 248 137 300 γδρ
153 246 246 295 ῦιιοδείξω
264 244 326 299 αὐτῷ,
343 246 380 284 ὅσα
397 243 427 282 δεῖ
447 241 506 282 atreo·
522 244 569 295 ῦιιὲρ
585 247 619 284 τοῦ
629 244 729 294 ὀνόματός
745 258 784 294 μου
801 245 891 289 παθεῖν,
901 255 940 295 quo
955 242 1013 283 Pauli

43 315 136 367 Apostoli
150 328 192 353 sors
207 313 275 352 futura
287 315 329 350 tam
343 305 463 362 simpliciter.
472 311 598 360 praedicitur.
618 330 619 333 =

133 381 190 426 eure
199 379 260 420 lesus
275 379 407 427 divinarem,
421 376 487 415 statim
502 376 627 416 eveniuntet
639 378 728 429 quoniam
739 383 854 429 evenerunt,
868 390 920 418 nune
934 379 1015 418 demum

43 449 184 504 percipiuntur.
204 447 253 486 Nam
264 447 350 499 aprime
360 445 399 484 iam
408 444 465 483 initio
475 442 547 482 Petrus
561 446 581 482 et
590 442 698 493 JobanueS,
710 445 821 499 reliquique
831 446 925 498 Apostoli
935 445 1012 498 pluries

37 517 158 556 carceribus
172 514 248 565 inclusi,
261 514 297 554 vix
306 528 317 554 e
326 513 417 553 manibus
430 511 554 551 inimicorum
568 510 686 562 eripiuntur3
699 509 814 562 Stephanus
823 518 844 553 et
852 512 941 554 Jacobus
951 514 1015 552 inter-

43 583 141 633 ficiuntur,
155 581 225 621 Petrus
240 581 358 633 expellitur,
374 580 449 619 Paulus
462 579 515 618 mala
530 577 607 631 perfert
623 578 736 628 innumera,
752 578 827 618 homiui
840 581 874 621 vix
890 570 1012 631 tolerabilia,

44 665 82 691 nec
95 664 131 702 per
144 650 222 702 longum
236 654 316 700 tempus
329 646 369 686 nisi
383 660 395 685 e
407 646 491 686 vinculis
506 645 579 686 Christi
596 658 666 685 nomen
680 645 792 696 praedicat.
815 647 862 686 Jam
874 648 894 686 in
907 649 971 701 prima
985 650 1012 687 ad

44 717 237 757 Thessalonicenses
255 715 342 768 epistola
356 713 431 753 Paulus
448 713 588 753 eodemmodo
602 714 627 752 de
641 712 682 752 suis
696 712 896 765 Christianorunrque
910 715 1013 754 calamita-

45 785 97 824 tibus
110 784 196 837 loquitur
209 784 237 825 ll.
252 784 283 824 14.
302 782 332 823 15.
360 780 423 832 Ὑμεῖς
438 779 474 831 γὰρ
489 783 565 832 μιμιρταλ
577 781 684 832 ἐγενήθητε,
701 779 791 831 ολδελκμοῐ,
809 783 848 819 τοῖν
864 780 961 832 ἐκκλησιῶν
977 787 1014 822 τοῦ

44 855 93 890 θεοῦ
104 855 146 890 ’τοῖν
162 840 223 891 οῦσοίν
240 852 261 890 ἒν
275 853 297 905 τῇ
309 848 396 898 Ἰουδαίᾳ
413 847 434 886 ἓν
450 849 525 900 Χριστῷ
538 847 602 898 Ἰησοῦ,
619 847 648 886 δτι
660 847 684 885 κδ
701 847 751 886 αὐτοὶ
764 846 850 886 taceres
863 850 895 886 καὶ
907 846 959 897 ὑμεῖς
971 847 1010 887 tet

45 921 83 957 τιὸν
96 919 149 957 ἰδίων
162 919 290 970 συμφυλετῶν,
304 915 370 961 καδδς
382 917 414 954 καί
427 913 482 953 αίτολ
494 910 532 952 tce
545 917 582 951 τῶν
591 913 689 953 Ἰουδαίων
705 917 742 953 τιῦν
755 917 787 953 καὶ
799 915 833 953 τδν
846 915 912 966 κῦριον
925 914 1012 953 διιοκτει-

38 986 119 1025 *verear
128 985 200 1037 Ἰησοῦν
212 987 242 1023 καί
255 982 301 1030 τοῦς
310 983 410 1035 προφήτας
426 984 458 1020 καί
473 977 522 1032 ἡμᾶς
540 980 675 1028 ἐκδιωξάντων,
692 984 723 1019 καὶ
739 983 781 1035 θεῷ
796 981 822 1032 μὴ
839 981 965 1034 ἀρεσκόντων,
982 987 1013 1021 καλ

39 1054 103 1091 ’πᾶσιν
116 1051 225 1103 ἀνθρώποις
238 1051 337 1090 ἐναντίων.
550 1084 551 1089 ,

135 1118 177 1157 Sed
191 1118 207 1156 si
221 1117 269 1170 quirl
284 1116 366 1156 efficere
383 1116 484 1165 volebant,
502 1128 551 1166 opus
568 1119 610 1153 erat
625 1114 695 1165 factis,
711 1129 764 1168 quae
782 1129 795 1153 a
812 1115 892 1154 Christo
909 1116 1012 1168 Apostolis

37 1186 126 1225 easdem
141 1185 204 1236 vires,
225 1185 296 1238 quibus
317 1185 362 1236 ipsc
376 1183 474 1235 pollebat,
489 1182 573 1221 traditas
592 1195 635 1221 esse
655 1183 793 1222 demonstrare
811 1188 899 1234 possent.
934 1184 1013 1224 Etenim

44 1251 62 1291 si
80 1252 176 1292 miracula
194 1253 300 1303 vidissent,
319 1256 360 1291 tum
381 1252 457 1290 demum
477 1248 598 1289 ludaeorum
615 1249 756 1302 gentiliumque
775 1250 836 1289 animi
858 1251 884 1290 ad
904 1252 1012 1292 doctrinam

46 1320 180 1359 Christianam
194 1320 307 1372 paratiores
322 1319 450 1359 accedebant.
476 1317 508 1356 Ea
522 1322 587 1356 autem
602 1316 691 1356 christus
709 1318 753 1369 ipse
771 1317 840 1357 futura
858 1332 903 1358 esse
919 1320 1013 1370 promise-

45 1392 87 1439 rat3
107 1388 165 1427 immo
183 1390 259 1438 majora
276 1388 338 1426 etiam
355 1385 464 1437 ‹liseipules
481 1384 606 1436 perfecturos
623 1398 677 1434 esse,
693 1398 751 1438 quam
769 1386 898 1438 magistrum,
914 1386 1013 1438 pollicitus

37 1454 121 1506 ⁴fuerat3
135 1459 193 1506 atque
208 1469 242 1494 eos
255 1454 386 1494 vehementer
398 1452 568 1504 reprehendebat,
585 1453 602 1490 si
619 1453 692 1504 quando
710 1466 782 1492 sanare
800 1453 892 1492 homines
907 1458 927 1492 et
940 1455 1014 1493 muneri

45 1523 138 1561 mandato
152 1520 244 1561 sufficere
258 1535 297 1559 nou
307 1524 414 1572 potuerant
427 1519 484 1571 [Luc.
497 1519 533 1561 IX.
548 1518 595 1570 lt).
618 1519 675 1559 Haee
688 1524 753 1559 autem
767 1520 866 1560 miracula
874 1534 915 1559 non
927 1523 1014 1573 ipsorum

45 1589 193 1641 Apostolorum,
207 1590 243 1628 see
257 1589 291 1627 (lei
301 1602 364 1639 opera
377 1601 429 1638 esse,
443 1588 511 1626 horum
525 1601 561 1639 per
574 1601 643 1626 manus
656 1586 746 1639 perfecta
755 1601 802 1627 eum
816 1601 853 1638 per
867 1601 889 1626 se
899 1593 961 1640 patet,
974 1593 1014 1627 tum

38 1657 127 1696 ¹disertis
139 1656 205 1697 verbis
214 1655 332 1708 perhibetur
341 1654 376 1694 lv.
388 1655 417 1695 10.
440 1654 498 1693 Hane
512 1656 536 1693 ab
546 1668 637 1694 caussam
647 1655 739 1694 derebus
749 1655 774 1694 ab
784 1654 890 1706 Apostolis
899 1657 964 1708 gestis
973 1657 1014 1695 ubi-

46 1737 83 1776 que
93 1725 162 1764 eadem
171 1722 215 1763 fere
223 1722 323 1764 voeabula
331 1727 391 1774 atque
401 1723 425 1762 {le
435 1722 509 1762 Christi
523 1722 586 1774 ipsius
599 1722 699 1762 miraculis
712 1727 839 1774 usurpantur.
861 1722 914 1761 Nam
928 1724 945 1762 si
960 1723 1016 1763 Ultri-

46 1796 98 1832 stum
112 1791 183 1831 Petrus
196 1790 223 1832 Il.
237 1792 269 1831 22.
283 1790 394 1829 nominavit
407 1790 470 1842 ἄνδρα
483 1789 522 1829 ἀπὸ
535 1791 570 1829 τοῦ
582 1793 632 1829 θεοῦ
645 1790 805 1841 ἀποδεδειγμένον
819 1791 845 1836 είς
858 1787 910 1840 ῦμῦς
923 1790 1015 1841 δυνιίμεσι

39 1861 78 1897 καὶ
90 1861 153 1910 τέρασι
165 1861 197 1897 καὶ
209 1860 295 1910 σημείοις,
309 1857 337 1904 οἷς
357 1857 431 1909 εἰτοίησε
446 1856 470 1895 rit
484 1856 544 1896 αῦτοῦ
557 1854 568 1895 δ
581 1857 627 1904 δεδς
648 1857 669 1896 ἓν
684 1859 732 1910 μέσῳ
748 1855 812 1908 ῦμοῖν,
830 1857 897 1903 cerbole
913 1861 945 1897 καί
961 1857 1015 1897 αῦτοιῖ

47 1926 125 1976 οἴδατε)
145 1939 210 1965 nonne
231 1926 322 1976 ejusdem
339 1929 385 1963 sunt
401 1924 490 1976 genem,
511 1938 561 1976 quac
575 1924 649 1963 Paulus
669 1925 689 1963 in
701 1924 765 1975 Epist.
786 1925 812 1963 ar]
833 1924 935 1964 Romanos
952 1927 976 1964 tle
994 1939 1015 1964 se

40 1994 169 2045 ⁴praedicavit
183 1993 238 2044 (XV.
256 1992 287 2033 18.
303 1993 353 2044 llll:
367 1991 390 2031 οῦ
403 1992 443 2043 γάρ
452 1990 535 2042 τολμήσω
549 1991 614 2030 λαλεῖν
625 1987 649 2038 τι,
662 1989 689 2031 οἷν
706 1991 727 2031 οῦ
745 1993 883 2043 κατειργάσατο
897 1994 978 2045 Χριστὸς
991 1992 1014 2031 διΙ

47 2060 98 2112 ἐμοῦ,
112 2061 137 2105 εἰς
149 2058 234 2112 ὑπακοὴν
241 2060 311 2106 ἕδνων,
318 2060 369 2112 λόγῳ
380 2062 411 2097 καὶ
420 2058 471 2111 ἔργῳ,
482 2057 502 2096 ἕν
513 2057 593 2108 δυνάμει
600 2062 678 2111 σημείων
691 2059 819 2110 καλτεριίτων,
833 2059 854 2097 ἐν
871 2060 1016 2110 δυναμεικτνεῦ-

47 2142 107 2179 ματος
120 2127 183 2177 ἁγίου
199 2128 244 2173 alges
257 2142 281 2177 με
298 2126 338 2166 citro
350 2125 469 2178 Ἰερουσαλὴμ
485 2127 517 2162 καὶ
535 2126 603 2180 κύκλῳ,
616 2130 667 2178 μέχρι
680 2129 714 2165 τοῦ
723 2126 828 2176 Ἰλλυρικοῦ
835 2127 980 2178 Ἰπεπληρωκέναι
993 2128 1014 2165 ιδ

47 2193 155 2244 εὐαγγέλιον
172 2197 207 2233 τοῦ
222 2197 315 2247 Χριστοῦ·
333 2193 373 2244 (Of.
396 2193 413 2234 1.
430 2192 479 2232 (δον.Ι
492 2191 519 2232 ll.
538 2193 576 2243 tt.)
593 2216 619 2223 —-
635 2194 703 2245 Neque
717 2193 777 2232 aliter
795 2193 863 2233 Lucas
881 2194 905 2232 (le
925 2194 1016 2232 omnibus

48 2261 151 2312 ApOSlOllS
169 2261 204 2312 [H-
221 2262 261 2312 43.)
279 2261 344 2300 mellei
359 2276 380 2299 τε
395 2264 463 2310 ἰ’ῦρῦίῖίί
479 2261 510 2297 καί
523 2267 589 2312 σημεῖα
603 2262 635 2300 (led
648 2264 685 2299 τῶν
698 2260 813 2299 ἀποστόλων
826 2262 902 2310 ἐγένετο,

138 2328 169 2367 Ea
183 2330 291 2368 similitudo
306 2333 371 2368 {uitem
385 2328 449 2380 qualis
464 2326 523 2366 luerit
540 2328 557 2366 si
571 2329 649 2380 singula
666 2328 834 2379 contemplamur,
849 2327 882 2368 vel
899 2325 1017 2369 luculentius

48 2396 130 2448 patebit.
158 2392 249 2435 Christus
263 2397 316 2436 enim
332 2402 352 2436 et
365 2394 457 2447 Apostoli
472 2400 565 2446 aegrotos
579 2396 673 2447 plurimos
687 2399 791 2441 sanarunt,
810 2396 892 2435 claudos
907 2396 932 2437 ef.
946 2397 1017 2436 lllatth.

49 2463 86 2503 Xl.
100 2463 117 2502 6.
131 2462 181 2501 Lue.
195 2463 243 2503 Vll.
258 2464 289 2504 22.
305 2464 351 2504 Aet.
365 2462 417 2515 App.
432 2460 470 2500 lll.
483 2461 501 2500 2.
517 2467 536 2501 et
549 2462 606 2503 xlv.
620 2464 647 2513 8.‚
664 2463 758 2502 membris
777 2468 847 2514 eaptos
862 2462 1017 2516 (παραλυτικούς)

50 2531 121 2571 lllatth.
133 2528 169 2569 IV.
183 2530 221 2579 24..
235 2529 290 2570 Vlll.
305 2532 330 2582 6.,
343 2530 379 2571 ΙΧ.
395 2531 419 2581 1.,
433 2530 477 2569 Act.
492 2528 545 2582 App.
559 2530 594 2571 lX.
608 2531 638 2570 33.
649 2529 699 2571 Vlll.
714 2530 739 2581 7„
754 2532 826 2582 spiritu
840 2532 917 2583 impuro
931 2532 1018 2582 agitatos

50 2596 244 2648 Mutth.VIlt.,1h
259 2597 291 2637 28.
306 2598 418 2650 AetApp.
438 2596 463 2636 v.
477 2595 506 2636 16.
523 2597 583 2647 Vlll.‚
597 2601 613 2638 t.
628 2597 685 2638 XVl.
701 2597 741 2649 tt..
758 2597 818 2638 XIX.
838 2599 877 2648 12..
895 2598 944 2636 febri
963 2598 1019 2637 labo-

42 2669 117 2704 rantes
132 2665 201 2705 blatth.
216 2663 274 2705 Vlll.
291 2666 328 2715 tt,
342 2664 389 2706 Job.
403 2667 422 2706 A.
440 2665 475 2712 12„
492 2664 537 2705 Aet.
555 2665 605 2717 App.
622 2664 724 2706 XXVlll.
743 2668 760 2707 8.
779 2666 831 2705 ulios
848 2666 925 2705 inultos,
956 2664 1020 2705 Jesus

44 2737 117 2771 ‘autem
131 2747 170 2772 non
183 2734 245 2772 solum
259 2745 358 2782 praesens
372 2734 408 2773 seu
423 2733 489 2782 etiam,
503 2746 560 2784 quum
573 2732 642 2784 proeul
655 2739 710 2773 esset
723 2738 819 2784 remotus,
833 2747 869 2772 uec
883 2731 946 2770 solum
960 2746 1020 2785 quum

51 2801 118 2851 vellet,
131 2802 167 2840 sed
181 2801 240 2840 ctiam
253 2812 313 2850 quum
326 2803 443 2852 tangeretur
456 2804 490 2838 aut
503 2801 546 2852 ipse
560 2804 592 2839 aut
606 2802 648 2849 cj11s
665 2802 826 2852 vestcs‚„iuvitus
840 2799 883 2839 fere
897 2799 947 2839 talia
961 2800 1020 2852 feeit3
