2113 3193
975 133 1004 179 17

34 257 191 307 fundamentum,
204 257 258 310 quod
271 270 297 295 cx
310 257 378 296 Marco
393 254 451 308 quale
464 256 524 296 luerit
536 258 633 306 novimuS,
647 262 687 296 non
701 257 764 296 solnrrr
778 258 798 295 in
812 259 855 294 tota
864 254 1006 306 compositione

35 324 104 363 sedin
118 324 203 376 singulis
221 323 280 362 etiam
292 325 333 373 jam
347 322 455 374 propositis
469 318 612 363 narrationibus
626 324 749 364 irnmutatnm
762 323 885 363 retinuisset.

125 390 229 442 Quidquid
246 390 267 428 irl
284 395 325 440 est,
342 390 407 430 Marci
420 388 548 442 Evangelium
565 390 667 440 interea,
685 406 736 443 [quac
753 392 878 443 possidemus
894 390 943 430 illud
961 403 1006 430 esse

35 458 96 499 visum
113 463 154 509 est,
171 458 225 510 quod
239 457 386 510 antiquissimae
399 455 515 510 Evangelii3
531 456 608 496 formae
622 457 710 496 maxime
726 460 840 511 respondet.
869 458 926 497 Huic
938 458 1007 497 Lucas

36 529 56 565 et
69 525 195 575 Matthaeus,
212 525 309 576 peculiari
326 527 403 565 ratione
420 528 503 577 uterquc
520 525 561 575 nsi,
577 537 624 563 suos
641 523 705 562 libros
723 530 904 576 superstrmmrmt,
922 539 1005 578 quorum

35 592 103 632 labore
117 597 138 649 et
151 593 279 632 contentione
292 592 383 644 profecto
397 606 470 644 magna
486 593 582 644 praestita
596 595 651 639 sunt;
670 595 752 630 secutus
769 597 838 642 postea
855 597 886 631 θεῖ
901 592 1007 633 Johnnnes

35 660 115 712 vitaque
134 658 185 699 Jesu
203 661 267 700 denuo
283 663 405 712 pertractata
423 659 495 711 viaque
511 659 687 711 Evangelistarum
706 659 867 712 praecedentium
886 660 956 700 relicta
979 662 1005 700 ad

35 740 130 766 summam
145 727 213 766 omnia
225 726 367 778 perfectionem
382 725 470 767 adduxit.

499 893 538 941 IV.

126 994 242 1033 Discrimen
257 999 288 1033 est
301 995 353 1034 inter
366 993 469 1033 historiam
484 1008 560 1033 sacram
574 1000 594 1034 et
602 995 715 1048 profanam,
729 1008 811 1047 quarum
821 994 905 1034 alterae
915 996 1006 1047 Graecis,

35 1060 98 1101 altera
111 1075 124 1101 a
136 1061 223 1102 Judaeis
237 1061 317 1101 exculta
331 1066 367 1102 est.
392 1060 450 1101 Illius
463 1075 549 1101 summus
561 1063 657 1115 magister
670 1062 802 1111 Thucydides
815 1060 860 1111 fuit,
872 1061 930 1113 hujus
943 1068 1007 1103 stator

37 1133 58 1168 et
71 1134 151 1180 auctor,
171 1129 233 1181 longe
247 1129 353 1182 antiquior,
366 1129 439 1168 moses.
468 1128 531 1172 (tuum
545 1133 610 1169 antem
628 1131 679 1169 duae
692 1144 726 1169 res
740 1129 865 1181 potissimum
882 1135 968 1181 exstent,
983 1131 1005 1170 iu

36 1197 107 1250 quihus
121 1211 154 1236 ars
168 1197 236 1249 aliqua
249 1196 338 1250 conspici
352 1197 423 1249 possit,
436 1201 571 1248 argumentum
585 1202 605 1237 et
618 1196 688 1249 forma,
701 1198 754 1236 haec
768 1196 848 1249 quidem
861 1197 947 1250 utrisque
960 1197 1004 1239 fere

36 1265 152 1317 communis,
165 1264 216 1304 illud
229 1277 277 1304 vero
291 1265 315 1304 ab
330 1265 382 1303 omni
395 1267 452 1317 parte
466 1264 564 1304 diversum
579 1269 617 1314 est,
629 1265 668 1304 nisi
682 1265 735 1318 quod
750 1265 770 1303 in
784 1263 850 1303 forma
859 1277 935 1317 quoque
948 1280 1005 1305 sacra
1044 1309 1047 1316 ¹

35 1331 119 1371 historia
140 1332 226 1371 catonis
242 1332 307 1384 magis
324 1345 381 1384 quam
397 1330 499 1370 Ciceronis
513 1332 628 1383 apartibus
642 1332 713 1383 stabit,
734 1336 754 1371 et
768 1332 859 1383 rigorem
872 1333 936 1384 magis
949 1346 1005 1385 quam

35 1399 106 1439 florem
119 1404 216 1454 sequetur
233 1400 335 1439 orationis.
361 1398 407 1438 Jam
422 1412 473 1451 quac
486 1400 513 1438 sit
525 1413 601 1438 summa
614 1399 635 1437 iu
646 1404 763 1451 argumento
775 1400 881 1439 tractando
898 1400 1007 1451 diversitas,
1027 1419 1028 1422 ¹

35 1467 105 1518 paucis
119 1467 223 1518 explicare
238 1467 358 1507 conabimur.
480 1467 481 1472 ’
844 1477 846 1480 ’

125 1533 219 1573 Historia
233 1538 318 1583 enarrat,
332 1548 383 1588 queo
397 1534 422 1573 ab
437 1534 547 1573 hominihus
561 1539 620 1587 gesta
633 1539 685 1584 sunt,
698 1535 740 1575 sive
749 1534 778 1573 illi
788 1533 862 1586 singuli
872 1533 952 1586 luerint,
965 1535 1006 1575 sive

36 1615 80 1641 cum
97 1601 142 1640 aliis
157 1602 229 1653 juncti.
256 1601 300 1641 lam
317 1615 364 1641 vero
382 1600 457 1652 duplex
472 1601 510 1641 fuit
527 1602 547 1641 in
565 1604 614 1642 orhe
631 1606 729 1642 terrarum
743 1601 852 1653 antiquitus
866 1602 891 1641 dc
904 1602 935 1641 his
948 1603 1007 1642 rchus

36 1669 138 1721 cogitandi
151 1670 215 1719 ratio,
232 1673 328 1721 quatenus
342 1659 433 1708 homines
446 1673 479 1708 aut
494 1670 533 1721 ipsi
549 1671 616 1709 omnia
630 1683 701 1721 gerere
714 1669 752 1708 sibi
765 1670 868 1718 videntur,
888 1674 923 1709 aut
935 1670 1007 1723 ultique

36 1749 49 1774 a
63 1736 129 1776 divino
143 1738 224 1776 numine
239 1738 317 1787 adjutos
331 1750 353 1776 se
367 1736 461 1787 sentiunt,
475 1741 497 1776 ut
510 1751 560 1790 quae
574 1737 613 1777 sibi
628 1742 663 1777 aut
676 1737 763 1777 feliciter
776 1741 811 1776 aut
825 1736 933 1777 infeliciter
943 1751 1007 1777 cesse-

35 1803 86 1854 rint,
107 1818 131 1844 ea
148 1805 216 1844 omnia
233 1805 258 1843 ad
275 1805 333 1844 deum
349 1809 443 1856 tanquam
459 1805 485 1843 au
501 1808 601 1844 auctorem
619 1805 736 1856 primarium
751 1803 831 1843 referre
848 1804 931 1846 soleant.
962 1804 1007 1844 Jam

36 1870 121 1923 profanu
135 1871 221 1911 historia
235 1885 260 1911 ea
273 1872 313 1911 dici
327 1877 400 1923 potest,
414 1885 452 1923 qua
470 1872 501 1911 dei
515 1872 666 1925 divinarumque
680 1885 744 1911 rernm
757 1871 837 1911 ratione
850 1871 894 1912 fere
907 1873 960 1912 nulla
973 1873 1007 1911 ha-

37 1938 77 1977 bita
94 1939 123 1978 ita
136 1939 251 1979 referuntur
265 1940 340 1989 omnia,
356 1944 448 1992 tanquam
462 1940 486 1978 de
500 1939 549 1978 solis
563 1940 677 1979 hominibus
691 1940 819 1992 cogitandum
833 1939 869 1990 sit,
885 1940 954 1980 liberis
967 1940 1007 1980 illis

36 2006 56 2044 in
74 2007 151 2058 agendo
169 2020 207 2046 nec
224 2006 319 2058 religioni
336 2007 427 2059 cuiquam
443 2011 477 2045 aut
493 2008 630 2059 superstitioni
648 2007 748 2056 obnoxiis3
770 2020 830 2046 sacra
847 2012 911 2046 autem
930 2022 955 2047 ea
971 2011 1008 2058 est,

37 2087 87 2126 quae
105 2075 201 2127 quidquid
218 2074 294 2125 geritur
311 2089 323 2113 a
339 2076 377 2114 deo
392 2075 481 2128 pendere
497 2089 569 2127 resque
586 2076 684 2115 humanas
701 2087 769 2113 omncs
786 2089 799 2114 a
816 2074 882 2114 divino
899 2076 977 2115 numine
994 2088 1006 2113 a

36 2142 134 2194 principio
149 2142 216 2181 factas
230 2155 282 2192 csse,
296 2143 414 2181 constitutas
428 2147 448 2181 et
461 2147 577 2193 procrrratas
591 2143 660 2182 sumit:
674 2142 705 2182 vel
719 2146 741 2179 nt
753 2155 792 2180 uno
806 2143 867 2183 verbo
881 2144 1006 2182 omniacom-

36 2209 120 2261 plectar,
133 2211 189 2262 prior
203 2210 238 2248 illa
251 2209 352 2248 homimnn
366 2214 406 2260 est,
420 2209 516 2260 posterior
529 2211 674 2261 quodammodo
689 2209 722 2248 dci
736 2209 800 2260 ipsius
814 2210 835 2248 in
849 2209 896 2249 orbe
910 2214 1007 2250 terrarum

37 2277 127 2317 homines
141 2277 233 2330 regentis
247 2291 270 2316 ac
284 2277 412 2329 gubernantis
427 2277 515 2317 historia.

127 2344 174 2384 Hoc
188 2348 254 2383 autem
269 2345 374 2384 discrimen
387 2358 412 2384 nc
426 2345 454 2383 itu
467 2344 589 2397 intelligatur
603 2344 712 2385 cernendum
727 2348 764 2394 est,
778 2348 879 2397 tamquam
892 2345 913 2383 in
926 2344 1008 2397 profana

37 2412 122 2452 historia
136 2412 168 2450 dei
183 2411 237 2450 nulla
251 2413 329 2451 ornnino
344 2426 381 2451 ncc
395 2425 443 2452 cura
456 2425 492 2451 nee
505 2414 579 2452 mentio
593 2414 628 2453 sit:
644 2412 697 2464 quod
714 2411 795 2462 quidem
812 2412 857 2451 irlco
875 2411 919 2451 ficri
933 2412 1007 2464 nequit,

39 2480 129 2533 quonium
147 2479 182 2519 vix
200 2478 269 2517 existit
286 2493 368 2532 nsquam
385 2479 417 2521 vel
431 2479 514 2531 cogitari
529 2484 595 2531 potest
612 2479 682 2528 homo,
701 2479 748 2530 quin
765 2480 863 2519 interdum
882 2480 914 2519 dci
931 2492 1007 2518 manum

36 2549 58 2586 in
71 2562 107 2587 sua
121 2547 244 2597 aliorumque
257 2546 299 2585 vita
313 2548 429 2600 conspiciat.
456 2546 497 2585 Scrl
511 2548 556 2586 dnm
570 2561 628 2587 sacra
642 2546 729 2584 historia
746 2548 813 2587 omnia
829 2547 855 2586 ud
869 2548 926 2586 (lenm
939 2546 1008 2607 refert¹

37 2615 89 2654 hacc
106 2630 130 2655 ca
147 2629 174 2655 ex
191 2613 292 2652 hominum
308 2615 410 2655 voluntate
430 2619 486 2666 atquc
508 2616 589 2655 arbitrio
610 2614 729 2667 plerumque
746 2615 857 2667 repetenda
871 2628 915 2655 esse
933 2618 1008 2654 cerrset.

36 2683 79 2722 Nec
92 2697 151 2722 sacra
165 2681 250 2721 historia
263 2680 363 2721 hominnm
377 2696 439 2735 opera
452 2683 527 2732 spernit
541 2688 573 2723 ant
580 2681 672 2734 negligit,
689 2682 709 2720 in
724 2696 763 2735 qna
777 2683 863 2721 humana
876 2682 939 2720 omnia
952 2695 1009 2721 suam

38 2751 154 2804 dignitatem
168 2750 267 2799 retinent,
289 2748 347 2787 innuo
364 2764 416 2791 novo
430 2749 489 2788 etiam
503 2755 611 2802 sanctoque
628 2748 702 2799 spiritu
716 2750 899 2798 nohilitantur,sc1l
913 2749 1010 2802 quidquid

38 2823 69 2857 est
82 2817 190 2867 hominmn,
204 2817 224 2855 irl
239 2829 296 2854 omne
310 2830 321 2854 u
336 2818 373 2856 rlco
388 2819 411 2857 ad
427 2831 492 2856 corum
508 2819 567 2858 vitam
581 2830 700 2869 permanare
715 2818 808 2858 creditur.
876 2868 886 2888 Ο

875 2889 887 2906 ι)
