2113 3193
142 271 204 314 Quae
213 269 293 321 quidem
308 269 404 308 historiae
418 282 487 309 sacrae
502 271 589 310 inventio
603 272 652 311 solis
666 253 751 310 ludaeis
765 272 852 311 debetur.
879 271 966 310 Accedit
979 272 1021 323 qui-

51 342 94 380 dem
109 340 159 377 inter
169 336 261 375 Graecos
270 335 370 376 Homerus
384 337 410 375 ad
424 350 494 377 sacrae
507 331 606 378 historiae
620 346 702 390 morem,
717 340 769 391 apud
782 352 838 391 quem
851 352 890 377 non
903 342 944 376 tam
951 337 1021 377 Achil-

49 408 81 458 lis,
94 405 167 455 Ulixis,
180 405 339 457 Agamemnonis
350 419 384 444 res
394 408 516 456 enarrantur,
530 409 588 457 quam
598 406 709 458 Minervae,
723 406 829 459 Apollinis,
842 405 935 458 Neptuni,
947 407 1021 458 quippe

50 474 105 513 euius
121 474 141 511 in
159 472 281 511 carminibus
303 471 414 512 Hectorem
430 487 469 511 uon
486 473 577 512 Achilles
602 473 759 524 sed'liliuerva,
780 473 892 512 Patroclum
909 486 947 511 non
961 473 1022 512 Paris

49 542 86 581 sed
99 539 172 593 Apollo
187 540 292 580 occiderit.
321 540 362 580 Sed
378 542 429 580 haec
442 540 521 591 poetica
534 543 588 577 sunt:
603 539 636 577 ubi
652 552 699 578 uero
715 539 788 579 Graeci
801 541 826 578 ad
839 541 902 592 ipsam
916 540 1021 579 historiam

48 608 173 647 'scribendam
188 622 211 647 se
226 609 364 658 accinxerunt,
380 606 513 656 Thucydides,
526 605 557 645 uir
570 606 621 644 artis
635 606 720 646 bellicae
734 607 858 658 civitatisque
871 600 972 658 regendae
986 618 1021 660 pe-

47 675 158 725 ritissimus,
183 677 266 715 deorum
281 685 325 714 raro
339 673 493 723 mem·init,›sed
508 677 541 712 res
559 672 659 713 hominum
677 675 728 713 mira
744 676 838 725 quadam,
858 678 1020 728 ‹praenunquam

48 743 98 781 satis
117 742 195 782 laudari
220 748 295 796 potest,
315 741 438 793 perfectione
455 740 567 791 descripsit.
618 742 678 794 Apud
691 740 781 781 Judaeos
797 755 845 781 vero
863 755 913 795 quae
927 742 984 781 initio
999 743 1020 781 iu

48 810 125 852 Vetere
142 811 274 850 'Pestameuto
292 810 395 861 proposita
415 811 458 846 erat
475 807 571 847 historiae
587 809 704 848 scribendae
717 809 779 859 ratio,
799 823 823 848 ea
836 823 898 861 usque
912 811 936 847 riti
950 809 1020 848 ultima

48 884 139 931 tempora
152 878 222 916 mutari
232 891 270 915 non
281 876 344 927 potuit
354 881 422 928 estque
432 876 451 913 in
460 875 515 915 Novo
525 875 657 916 Testamenta
670 876 793 927 praeclarius
806 867 865 916 etiam
875 881 895 916 et
903 876 1021 916 luculentius

49 947 118 996 inulto,
131 958 188 997 quam
203 944 304 996 prioribus
317 942 444 994 temporibus,
459 956 471 980 a
485 942 616 994 scriptoribus
630 947 722 984 tractata.
748 943 780 982 Ibi
793 944 853 995 igitur
866 944 955 997 quoniam
971 945 1021 982 deus

46 1013 128 1065 singula
146 1019 237 1064 quaeque
255 1015 276 1050 et
292 1010 375 1062 suscipit
389 1013 410 1048 et
423 1008 511 1061 perlicit,
524 1022 589 1063 neque
603 1013 707 1064 quiilqnam
720 1010 763 1050 fieri
776 1016 853 1064 potest,
867 1012 905 1050 nisi
917 1012 972 1063 *quod
985 1011 1021 1051 ille

51 1084 84 1119 aut
97 1074 181 1121 voluerit
195 1084 230 1118 aut
244 1079 354 1127 admiserit,
369 1077 402 1116 ilci
416 1077 486 1129 ubique
500 1091 571 1116 numen
588 1079 727 1129 gravissimum
748 1079 905 1131 augustissimum
919 1079 1021 1117 sanctissi-

49 1153 101 1188 mum
115 1152 196 1199 regnam
212 1147 234 1185 in
245 1156 271 1186 'eo
286 1147 373 1184 nituntur
387 1145 459 1194 omnia,
478 1145 569 1183 nimirum
591 1146 638 1198 quia
658 1145 731 1185 ,ludaei
748 1149 806 1184 amun
823 1160 868 1185 esse
884 1146 948 1185 sciunt
962 1147 1021 1185 deum

50 1222 133 1267 carraque
141 1215 215 1252 docent
222 1213 289 1252 oinnia
296 1224 403 1265 generasse
410 1216 526 1264 patremque
534 1225 579 1251 esse
587 1213 653 1252 rerum
662 1215 753 1263 omnium,
767 1227 818 1267 quae
826 1213 924 1253 inmundo
933 1218 1020 1254 exstent.

142 1281 163 1320 Si
178 1289 226 1321 vero
242 1282 291 1319 artis
305 1279 420 1328 historicae,
434 1279 497 1332 qrralis
509 1280 563 1330 apud
580 1279 676 1320 ludaeos
688 1281 765 1333 floruit,
782 1281 881 1332 proprium
899 1280 946 1331 fuit,
960 1281 1022 1333 origi-

50 1358 86 1390 nes
100 1349 185 1389 omnium
199 1346 268 1387 rerum
281 1349 306 1386 ad
316 1348 378 1386 alcum
391 1345 476 1395 referre,
489 1346 546 1385 siuml
560 1352 625 1398 patet,
638 1349 697 1387 huius
710 1349 806 1388 historiae
815 1356 910 1387 summum
919 1348 978 1387 linem
991 1350 1021 1401 ip-

51 1418 93 1456 'sius
107 1416 138 1456 dei
153 1430 224 1467 puram
239 1420 354 1467 castamque
367 1414 514 1455 uenerationem
527 1413 598 1455 fuisse.
627 1415 708 1455 Docent
717 1416 779 1467 igitur
792 1419 812 1455 et
821 1416 840 1454 iu
850 1416 890 1455 vita
899 1415 1022 1467 singulorum

50 1485 150 1524 homimuu
171 1488 192 1522 et
205 1484 226 1521 iu
240 1482 357 1534 populorum
371 1481 455 1520 historia
468 1483 579 1521 enarranda
592 1483 687 1535 pietatem
701 1485 828 1536 e1·gadenm,
842 1487 941 1522 auctorem
954 1497 1022 1522 rerum

45 1553 145 1602 omnium,
158 1551 298 1602 providentem
311 1554 397 1589 tutorem
409 1549 506 1588 homiuum
521 1549 605 1600 piorum,
620 1550 718 1590 scelerum
731 1565 778 1590 vero
787 1550 876 1598 ultorem,
890 1560 948 1588 unam
958 1550 1022 1588 homi-

51 1620 83 1659 nis
97 1618 287 1658 excellentissimam
301 1618 394 1657 virtutem
408 1619 460 1667 esset
474 1621 544 1668 etque
558 1617 664 1656 uberiores
678 1622 698 1657 et
711 1618 858 1670 praesentiores
865 1616 971 1656 fractus-in
980 1617 1023 1656 vita

53 1701 65 1726 a
79 1688 115 1726 deo
130 1686 276 1738 acceperimus,
291 1700 314 1725 co
328 1684 448 1724 sanctiorem
458 1684 541 1723 animum
555 1689 645 1723 nostrum
660 1697 705 1723 esse
720 1685 798 1724 debere.
821 1684 852 1723 Ac
865 1684 917 1723 mala
930 1697 1022 1737 atraeque

53 1759 73 1794 et
87 1754 212 1793 calamitates
226 1768 239 1792 a
252 1755 285 1793 dci
298 1753 425 1805 benignitate
439 1756 520 1791 aeterua
532 1756 634 1804 repetant,
647 1752 721 1804 quippe
734 1752 805 1805 quihus
819 1765 879 1803 saepe
887 1751 947 1791 etiam
956 1752 1022 1804 magis

52 1836 111 1875 quam
124 1822 187 1860 tutela
202 1821 234 1860 dei
250 1823 275 1860 a'd
289 1822 347 1860 (lcum
361 1820 493 1860 venerandum
508 1820 624 1870 incitemur3
635 1818 705 1859 'solere
722 1820 821 1870 homines,
837 1833 875 1872 qno
892 1821 969 1869 majora
986 1820 1022 1860 be-

53 1889 132 1939 neficia,
148 1903 229 1942 quoque
242 1889 323 1941 saepius
336 1887 457 1941 praesidinm
472 1887 503 1926 dei
518 1888 598 1939 experti
612 1887 657 1937 sint,
675 1900 699 1925 eo
713 1886 777 1925 minus
794 1888 865 1938 cupide
883 1887 915 1926 dei
931 1887 1019 1939 vestigia

53 1957 115 2009 sequi.
137 1954 181 1995 Nisi
195 1961 218 1995 ut
233 1970 243 1995 e
256 1956 315 1995 malis
324 1957 427 2007 emergant
436 1968 469 1993 eos
483 1958 521 1993 non
534 1955 625 2007 precari3
639 1957 661 1993 ut
670 1954 739 1993 hostes
747 1955 833 2004 vincant,
845 1955 938 2007 templum
952 1954 1022 2005 adire3

53 2029 75 2064 ut
88 2024 205 2064 servitutem
221 2021 496 2075 depellant,gen11llectere3
511 2023 527 2060 si
543 2036 554 2061 a
569 2022 638 2061 dolore
653 2022 678 2059 ad
693 2022 779 2061 dolorem
793 2022 901 2075 rapiantur,
916 2022 932 2060 si
946 2021 967 2059 in
981 2036 1022 2060 uro-

53 2085 125 2142 lesdis,
139 2093 155 2130 si
170 2093 191 2130 in
206 2092 345 2143 desperatione
359 2094 468 2141 versentur,
483 2090 499 2128 si
513 2103 552 2128 non
566 2089 655 2128 habeant
668 2089 719 2128 inter
732 2090 833 2140 homiues,
847 2092 884 2141 quo
899 2093 1021 2140 severant,

55 2164 96 2199 tum
111 2160 188 2198 demum
203 2158 227 2197 ad
242 2160 300 2198 deum
312 2158 428 2210 confugere,
441 2161 463 2195 ut
476 2159 527 2209 quod
541 2157 620 2208 petiere
627 2157 741 2207 impetrent,
751 2156 866 2208 solisigitur
876 2156 1023 2195 calamitatibus

53 2227 171 2278 permoveri,
185 2231 208 2265 ut
222 2227 280 2266 deum
295 2240 321 2266 ex
335 2226 401 2264 animo
415 2228 456 2263 toto
469 2229 589 2265 venerentur
599 2229 619 2263 et
632 2224 722 2265 adorent.

145 2293 241 2333 Historici
256 2294 302 2333 libri
316 2294 367 2333 Novi
377 2291 501 2331 Testamenti
516 2294 568 2332 hane
582 2293 666 2331 earnlem
680 2305 729 2343 prae
743 2305 764 2330 se
779 2291 844 2330 lerunt
856 2291 941 2331 indolem
956 2306 1022 2331 aena-

54 2365 124 2411 tu'ram,
138 2362 178 2402 sive
192 2362 230 2402 viri
245 2375 271 2401 ex
285 2362 378 2411 Judaeis,
392 2360 434 2400 sive
448 2374 473 2398 ex
486 2360 595 2410 gentilibus
610 2360 648 2398 orti
662 2359 724 2398 libros
737 2363 894 2409 composuerunt.
915 2359 987 2412 ltaque
1001 2365 1023 2398 ut

46 2428 122 2469 medio
137 2441 184 2468 aero
199 2429 263 2468 Gesta
278 2431 309 2469 dei
324 2443 361 2482 per
373 2427 463 2467 Francos
477 2429 552 2479 scripta
566 2431 622 2478 sunt,
639 2427 667 2465 ita
681 2426 734 2465 Aeta
743 2425 883 2477 Apostolorum
893 2428 963 2478 majori
975 2430 1022 2477 jure

55 2496 119 2536 Gesta
133 2496 164 2533 dei
178 2511 214 2548 per
228 2497 337 2549 Apostolos
358 2495 488 2549 appellentur,
511 2500 567 2534 tanta
588 2508 637 2534 cura
657 2507 680 2532 ac
702 2493 813 2544 «litigantia,
834 2495 928 2548 quidquid
941 2488 1022 2547 evcnit,

53 2568 117 2603 totum
130 2575 166 2615 per
179 2563 250 2603 librum
266 2579 277 2603 a
292 2566 328 2605 deo
343 2564 462 2616 Christoque
476 2564 574 2613 provisum
593 2563 728 2613 tributumque
747 2565 766 2600 et
782 2563 884 2615 Apostolis
902 2567 922 2601 ct
939 2562 1023 2616 reliquis

56 2632 146 2671 omnibus
159 2630 283 2682 perhibetur.
312 2632 365 2675 Quid
379 2635 443 2671 autem
462 2632 486 2670 de
502 2631 620 2684 Evangeliis
638 2629 714 2668 ‹licamt
734 2629 753 2667 in
770 2631 840 2683 quibus
859 2630 918 2669 rliirini
936 2632 1022 2671 uuniiuis

56 2712 129 2738 summa
142 2699 173 2738 vis
187 2698 239 2736 inter
252 2700 342 2740 homines
356 2700 472 2752 apparuisse
487 2699 557 2738 dicitur
572 2705 592 2738 et
606 2697 647 2748 illa,
663 2696 687 2734 de
702 2710 740 2749 qua
753 2697 810 2736 Pluto
820 2697 917 2750 quondam
926 2699 1022 2738 vaticina-

56 2768 87 2803 tus
99 2766 172 2817 fuerat,
185 2766 253 2805 forma
266 2767 309 2818 ipsa
327 2772 347 2807 et
363 2772 462 2820 tamqnam
480 2766 542 2806 facies
559 2765 640 2805 honesti
657 2764 719 2803 oculis
738 2765 865 2814 cernebatur,
883 2770 902 2805 et
920 2766 1021 2807 mirabiles

58 2844 132 2873 amores
142 2827 252 2874 'excitabat
265 2834 382 2885 sapientiae.
401 2835 450 2883 (eie.
466 2836 490 2874 de
505 2834 537 2875 ou.
550 2833 597 2873 Lib.
611 2833 627 2873 1,
642 2831 678 2883 Op.
692 2833 720 2881 5.)
