2113 3193
126 269 150 308 ln
163 269 230 321 priore
242 280 290 307 vero
304 270 362 318 porte
376 266 514 307 commissurae
531 268 653 320 singularum
669 269 803 324 narrationum
819 270 882 322 primo
901 271 1009 321 adspectu*

27 339 180 390 cognoscuntur.
207 334 336 374 Prooemium
350 334 413 385 enim,
429 334 446 374 Ι.
461 334 549 386 ir-lh,
570 336 676 375 nominatis
691 336 792 375 duodecim
806 336 909 388 Apostolis
923 341 943 376 et
955 338 1010 390 pri-v

26 404 64 445 mis
79 402 178 443 ecclesiae
194 401 289 441 membris
305 401 335 440 itu
352 402 434 442 desinit:
465 400 524 444 Οὗτοι
536 404 605 449 πάντες
617 401 665 455 ἦσαν
678 406 855 457 προςκαρτεροιίντες
868 403 1002 455 ὂμοθυμαδόν

27 475 49 528 τῇ
62 472 181 525 προςευχῇ...
202 468 297 522 Sequitur
310 469 376 520 prima
389 471 477 509 narratio
495 470 519 509 dc
533 470 618 508 Matthia
631 469 734 520 Apostolo
742 469 814 521 electo,
824 457 906 524 ‘Spiritu
920 470 995 510 Sancto

26 538 96 587 misso,
109 540 130 576 et
143 535 231 575 ecclesia
240 535 356 593 Christiana
370 538 455 586 condita,
469 536 500 575 cui
513 534 683 586 clausulasaddita
696 539 727 573 est
740 535 766 575 ll.
780 538 811 578 42,
833 538 893 577 Ἦσαν
906 537 928 576 δὲ
940 552 996 590 προς.

26 606 161 657 καρτεροῦντες
174 606 195 658 τῇ
209 603 280 660 διδαχῇ
293 606 331 643 τῶν
340 604 451 643 ἀποστόλων
463 605 494 640 καὶ
506 604 528 658 τῇ
540 604 629 652 κοινωνίᾳ
641 603 673 640 καὶ
685 603 707 657 τῇ
719 602 782 641 κλείσει
788 606 823 643 τοῦ
836 605 895 657 όίρτον
908 606 939 642 καί
951 611 1001 650 ταῖς

26 677 145 723 ιιροςευχαῖς.
181 670 230 710 Jam
243 671 277 711 uhi
290 671 357 710 Lucas
375 670 399 707 ad
413 668 495 707 alteram
512 669 647 708 narrationem
663 668 745 720 transit,
766 670 786 708 in
803 670 960 722 praefatiuncula
976 675 997 711 et

26 738 92 792 prima
105 737 250 791 Apostolorum
263 737 357 777 miracula
369 736 461 776 universe
475 741 627 786 commemorat,
645 735 671 776 Il.
685 735 718 786 43,
734 740 755 775 ct
767 750 863 776 summam
876 738 996 789 singulorum

28 805 158 846 concordiam
171 806 282 858 praedicat,
300 807 321 842 et
334 803 380 855 quid
392 807 459 842 mutuo
474 803 573 854 conjuncti
586 817 653 843 amore
666 802 750 842 fecerint
763 809 854 855 enarrat,
871 819 954 858 eamque
968 806 997 845 ita

26 873 122 924 instituit,
135 878 157 912 ut
170 872 239 923 oratio,
254 871 271 910 si
286 870 364 922 singula
378 870 403 908 ad
416 871 558 910 necessitatem
575 870 649 910 ordinis
662 870 786 922 redigantur,
804 872 887 925 abrupta
904 879 923 912 et
939 873 996 912 hians

27 946 51 980 ut
65 946 126 980 antea
139 940 234 979 videatur.
261 937 298 977 Ait
315 938 367 977 enim
384 938 455 977 iterum
468 938 500 979 46.
522 936 590 989 „aaa
606 937 676 990 ἡμέραν
692 952 712 976 τε
728 942 906 991 προςκαρτεροιίντες
921 939 997 991 ὁμοθυ-

28 1007 93 1059 aanor
107 1006 128 1046 ἕν
140 1009 167 1061 rot
179 1005 229 1060 ίερρί,
241 1006 321 1051 κίαίντές
334 1020 354 1044 τε
366 1003 405 1044 κατ’
419 1006 471 1044 οἶκον
484 1005 572 1057 οίρτον..’ι
599 1004 639 1044 Sed
652 1004 696 1057 ipsa
709 1005 803 1056 narratio,
817 1006 861 1045 sola
873 1019 909 1058 per
920 1021 942 1047 se
951 1021 996 1047 con-

28 1074 129 1123 siderata,
145 1073 249 1125 praeclare
267 1072 363 1124 decurrit,
380 1076 477 1124 quatenns
494 1085 533 1110 non
550 1071 614 1110 solum
627 1072 766 1111 miraculorum
780 1064 891 1124 exemplum
903 1073 997 1126 refertur,
1017 1079 1018 1082 ’

27 1141 79 1193 quod
96 1140 180 1180 maximi
197 1140 292 1191 ponderis
310 1143 350 1190 est,
371 1141 407 1179 sed
424 1139 484 1178 etiam
501 1138 640 1190 Apostolorum
658 1135 792 1191 ecclesiaeque
812 1141 872 1180 totins
890 1142 997 1181 concordia

28 1208 134 1259 praeclare
148 1207 266 1258 illustratur,
279 1206 303 1247 cf.
316 1206 352 1248 lv.
367 1206 458 1247 23-31.
1029 1195 1032 1199 ⁸

121 1274 217 1327 Sequitur
237 1275 261 1314 de
282 1274 362 1313 Anania
382 1279 403 1333 et
422 1273 521 1326 Sapphira
537 1273 624 1312 narratio
645 1273 686 1324 IV,
709 1274 734 1314 32
760 1275 814 1314 cuins
833 1274 931 1327 praefatio
952 1278 996 1316 culn

27 1342 58 1382 rei
66 1343 186 1390 referendae
194 1342 409 1392 accommodatissima,
422 1346 515 1382 tumuere
522 1341 587 1380 mirus
598 1344 645 1393 apta
658 1341 765 1393 propterea
777 1342 814 1382 hac
827 1343 848 1381 in
861 1343 997 1383 narrationum

28 1410 82 1450 serie
91 1410 155 1450 videri
164 1410 230 1460 debet,
244 1410 295 1460 quod
309 1409 396 1461 scriptor
404 1410 481 1459 eadem,
494 1422 544 1460 quae
558 1407 631 1446 iamin
645 1408 711 1458 priore
719 1409 843 1461 praefatione
858 1409 919 1449 alluta
933 1415 997 1461 erant,

11 1511 13 1516 .
28 1478 102 1517 iisdem
115 1476 159 1517 fere
171 1477 238 1516 verbis
252 1476 344 1516 inculcat.
371 1476 439 1516 Antea
453 1476 503 1515 euim
517 1475 601 1528 legimus
615 1474 772 1527 (11.45-4e.)=
786 1479 836 1527 εἶχον
850 1479 928 1516 ἅπαντα
941 1476 1002 1517 sowa*

27 1560 53 1584 κα
77 1544 103 1583 τοὶ
118 1545 203 1596 κτήματα
220 1546 251 1583 καὶ
266 1542 301 1589 τοὶς
316 1541 409 1596 ότιοίρξεις
426 1543 549 1594 ἐπίπρασκον,
571 1545 602 1582 καὶ
622 1542 723 1595 διεμέριζον
742 1542 793 1583 αὐτοὶ
809 1547 864 1590 πᾶσι,
883 1545 952 1583 raeda
969 1547 995 1584 ἄν

28 1627 56 1657 τις
69 1614 135 1664 χρείαν
143 1612 191 1661 εἶχε,
205 1624 256 1650 nunc
265 1624 317 1650 'vero
332 1611 401 1650 eadem
415 1611 458 1650 fere
471 1611 557 1661 repetita
570 1609 680 1650 invenimus
697 1610 742 1662 (IV.
759 1605 872 1662 32.—35.):
891 1614 934 1661 „nal
950 1611 1001 1651 oriola

29 1679 55 1725 εἷς
69 1694 89 1717 τι
99 1681 137 1717 ταῖν
148 1676 275 1729 ’ὑπαρχόντων
288 1676 341 1732 αὐτῷ
354 1679 417 1727 ἔλεγεν
430 1678 479 1717 ’ίδιον
492 1679 546 1723 εἶναι,
560 1676 601 1716 ἀλλ’
614 1676 637 1729 ἦν
651 1675 716 1723 αὐτοῖς
729 1680 807 1717 ἅπαντα
820 1680 880 1717 κοινοί.
911 1680 949 1719 Καὶ
961 1694 995 1729 με-

28 1746 77 1802 χοίίχ
89 1746 170 1796 δυνοίμει
184 1742 289 1784 ἀπεδίδουν
302 1745 323 1784 τό
340 1746 443 1796 μαρτύριον
456 1743 474 1783 οἱ
490 1743 594 1784 ἀπόστολοι
613 1746 645 1796 τῆς
664 1744 785 1790 ἀναστάσεως
800 1744 838 1784 ’τοῦ
854 1747 918 1796 κυρίου
931 1744 996 1796 Ἰησοῦ,

27 1814 82 1863 χάρις
96 1827 116 1852 τε
129 1810 200 1864 μεγάλη
213 1811 236 1864 ἦν
249 1812 280 1851 ἐπὶ
293 1813 368 1858 πάντας
382 1811 458 1858 αὐτούς·
486 1811 537 1852 Οὐδὲ
550 1811 585 1864 γδρ
595 1811 660 1863 ἐνδεής
673 1826 700 1857 τις
713 1810 795 1864 ὑπῆρχεν
811 1812 832 1850 ἓν
849 1812 922 1859 αὐτοῖς’
953 1813 995 1852 ὅσοι

27 1878 66 1932 χδρ
80 1881 166 1932 κτήτορες
178 1881 250 1931 χωρίων
262 1880 275 1932 ἢ
288 1880 352 1919 οίκιοίν
365 1878 453 1931 ὑπῆρχον,
466 1880 573 1925 πωλοῦντες
589 1879 658 1932 ἔφερον
671 1878 705 1925 τοὶς
717 1878 772 1930 τιμὰς
784 1883 822 1919 τῶν
834 1882 996 1930 πιπρασκομένων.

28 1949 68 1987 Καὶ
81 1947 161 1986 ἐτίθουν
174 1946 228 1999 παρδι
240 1946 284 1993 τοὺς
297 1946 360 1994 πόδας
373 1949 411 1985 τῶν
423 1945 542 1988 ἀποστόλων
556 1946 651 1985 διεδίδοτο
660 1945 681 1984 δὲ
694 1944 768 2000 ἑκάστῳ,
781 1947 850 1986 καθότι
859 1946 885 1985 δέν
898 1961 925 1993 τις
932 1949 997 1998 χρείαν

29 2016 95 2065 saxeae
124 2012 142 2052 F
144 2013 206 2053 initur
222 2018 294 2065 antem,
307 2028 340 2053 me
353 2013 427 2064 iudice,
440 2015 490 2054 haec
503 2013 590 2053 narratio
605 2012 630 2053 V.
645 2012 686 2064 11.;
700 2013 807 2066 incipitque
820 2018 860 2053 tum
873 2027 943 2066 parum
956 2029 997 2053 mo-

29 2082 73 2121 nito
87 2081 164 2120 lectore
174 2094 230 2121 ,nova
243 2083 347 2133 quaedam,
361 2086 382 2121 ut
395 2081 484 2134 plerique
497 2081 617 2133 interpretes
630 2094 673 2119 rem
689 2094 714 2120 ne
726 2081 900 2122 animadverterint
912 2082 998 2134 quidem,

30 2150 68 2189 sed
77 2162 128 2202 quae
137 2149 225 2189 maxime
235 2150 287 2189 inter
296 2163 318 2189 se
329 2149 432 2198 dissident,
442 2155 495 2189 arete
505 2150 613 2188 cohaerere
623 2148 748 2189 crediderint.
762 2147 870 2188 Exorditur
879 2163 922 2187 eam
929 2149 997 2188 Lucas

30 2218 56 2256 ab
66 2216 208 2268 Apostolorum
218 2216 326 2266 miraculis,
339 2216 383 2255 t'ere
397 2221 419 2254 ut
427 2214 454 2256 Il.
468 2218 498 2257 43.
509 2221 528 2256 et
538 2230 613 2256 summa
623 2217 674 2266 apud
688 2229 756 2255 omnes
768 2216 831 2267 gratia
843 2220 863 2254 et
871 2216 998 2268 auctoritate,

31 2297 83 2336 quae
97 2288 152 2323 tanta
165 2284 204 2323 fuit
217 2289 238 2323 ut
251 2297 356 2336 procerum
370 2281 491 2322 Judaeorum
505 2297 599 2323 summam
613 2283 706 2323 invidiam
720 2282 835 2324 excitarent.
861 2283 924 2323 Simul
937 2284 998 2335 igitur

29 2364 101 2390 omnes
115 2351 135 2388 in
149 2365 248 2391 carcerem
263 2354 368 2405 (locuntur,
382 2365 418 2391 nec
432 2351 470 2389 nisi
488 2351 605 2391 Gamuliclis
618 2350 700 2389 consilio
718 2364 728 2389 e
746 2349 798 2389 uitae
814 2350 901 2402 periculo
915 2353 998 2403 servati,

30 2420 67 2459 sed
81 2417 181 2458 verberati
194 2422 284 2470 redeunt,
299 2423 319 2458 et
333 2423 355 2457 ut
368 2423 486 2471 coeperant,
500 2433 575 2459 summa
591 2418 693 2457 hilaritate
710 2418 730 2456 in
747 2424 836 2471 suscepto
851 2420 933 2470 'negotio
951 2433 997 2470 per-

29 2490 84 2538 gunt
113 2483 159 2527 ilua
172 2486 192 2524 in
205 2501 227 2527 re
241 2488 315 2527 iterum
331 2490 351 2526 et
364 2486 484 2526 narrationis
498 2486 620 2527 concinnitas
639 2486 706 2525 orbem
724 2499 780 2525 suum
794 2485 900 2527 conficiens
915 2489 997 2537 ejusque

30 2568 43 2593 o
56 2552 142 2606 reliquis
156 2552 251 2593 seiunctio
266 2555 337 2594 clucet.

122 2619 208 2659 Transit
221 2621 287 2660 Lucas
300 2624 326 2661 ad
336 2622 434 2674 Stephani
449 2621 557 2673 historiam,
571 2635 622 2674 quae
635 2633 674 2658 non
688 2618 746 2660 aliter
757 2622 873 2674 compositu,
887 2634 944 2672 quam
953 2635 998 2661 nar-

30 2690 119 2729 rationes
136 2688 290 2741 praecedentes,
310 2690 338 2727 ita
357 2695 379 2728 ut
399 2692 420 2729 in
438 2703 462 2729 ea
478 2688 543 2740 prima
559 2703 603 2728 cum
624 2688 718 2727 extremis
739 2690 849 2728 arctissime
868 2688 998 2738 cohaereant,

32 2754 69 2797 Vl.
87 2755 204 2797 1.—Vlll.
223 2756 252 2803 2,
268 2756 351 2808 reliquis
371 2758 467 2797 maiorem
485 2756 577 2796 ambitum
596 2746 665 2804 hahet,
685 2754 742 2795 simul
760 2771 807 2797 vcro
825 2755 890 2808 legem
906 2756 959 2796 illam
977 2756 997 2794 iu

30 2821 140 2875 Evangelio
150 2837 189 2863 non
198 2824 264 2863 minus
273 2836 331 2875 (priam
345 2824 365 2862 in
378 2825 435 2864 Actis
444 2823 586 2876 Apostolorum
600 2822 683 2870 obuiam,
696 2838 753 2876 rlrunn
767 2824 805 2863 sibi
819 2823 839 2862 in
852 2823 998 2864 narrationibus
