2113 3193
965 125 996 172 25

28 252 150 303 untersuoht,
163 266 181 304 p.
196 251 248 302 322.)
263 250 347 302 aliisque
360 249 452 302 pluribus
464 252 522 291 valde
536 251 626 303 placeret
639 253 664 291 ab
674 252 738 304 iisque
752 256 786 291 aut
799 253 892 301 exparte
907 251 942 286 aut
955 251 997 287 tota

27 321 150 374 probaretur.
177 318 238 358 cuius
255 318 292 358 viri
306 318 427 357 sententiam
444 317 461 355 si
478 319 587 368 sequimur,
604 319 655 358 liber
673 319 706 359 ille
723 318 772 357 nihil
789 323 829 369 est,
845 317 885 357 nisi
903 314 997 356 defensio

27 386 86 428 Pauli
99 391 168 426 contra
181 386 306 425 adversarios
320 385 363 424 eius
378 384 504 424 Christianos
518 398 541 423 ex
554 384 638 424 Judaeis
653 390 716 435 ortos,
732 387 847 439 quibuscum
860 389 882 423 ut
896 382 1003 436 epistolae

29 456 110 504 docent,
129 454 256 495 vehementer
272 453 290 492 ei
307 454 435 506 pugnandum
452 450 529 502 fuerat,
549 464 613 502 eaque
630 450 669 489 hac
684 455 749 492 ruente
766 457 868 506 suscepta,
885 457 907 491 ut
924 452 997 490 horum

28 512 262 561 odiumetinimicitiom
275 521 347 560 iniuria
361 521 399 561 sibi
407 520 468 560 'illata
478 533 523 559 esse
533 519 678 559 ostenderetur.
687 517 704 568 ¹)
726 518 844 572 Excogitata
852 520 904 559 haec
914 520 996 559 coniec-

27 594 72 628 tura
89 592 128 637 est,
145 587 191 639 quia
208 586 335 628 difficultates
353 602 379 627 ex
396 589 443 627 libri
460 575 526 627 indole
543 601 567 627 ae
584 590 656 625 natura
672 584 840 640 prolectaesolvi
856 588 895 626 hac
908 601 949 626 una
961 586 996 626 via

27 655 78 694 inita
91 668 150 706 posse
163 654 287 696 videbantur:
303 656 375 694 ductus
389 659 458 694 autem
469 659 500 694 est
514 656 539 694 ad
554 667 597 694 eam
608 653 832 705 Schneclrenburgerus,
844 659 866 693 ut
878 655 922 705 ipse
932 652 994 694 confi-

27 725 80 762 tetur
96 721 108 762 l.
123 735 139 760 c.
149 735 168 772 p.
177 721 214 762 221
235 720 344 762 Schraderi
360 722 471 774 Bauriique
484 722 628 773 monitiqtpse‘
641 736 689 762 vero
703 721 732 760 ita
746 720 849 760 exornavit
858 721 909 760 hanc
918 721 995 773 opinio·

27 803 72 829 nem
85 793 110 828 »ot
126 792 219 827 accurata
234 790 294 828 totius
307 790 354 828 libri
372 802 458 829 censura
471 789 562 828 instituta
575 793 645 828 contra
659 802 726 827 omnes
740 787 897 828 adversariorum
912 792 995 827 conatus

27 857 119 905 munivit,
137 861 158 893 ut
171 856 287 905 dubitationi
300 857 335 897 vix
349 857 437 910 aliquem
451 855 515 895 locum
528 857 619 896 relictum
634 870 679 895 esse
694 856 800 895 existimet.
953 854 955 857 ⁴

119 922 175 966 Quae
183 924 260 975 quidem
268 924 455 976 ooniacturaneque
462 923 533 963 Lucae
539 923 669 976 nequePaulo
678 922 787 962 honorifica
794 928 831 974 est,
838 923 930 975 quoniam
935 922 1004 960 bisto-v

29 991 71 1031 rico
79 990 180 1043 indignum
191 990 254 1030 uideri
263 991 328 1042 debet,
338 1005 378 1029 non
386 990 563 1047 simpliciter-quae
571 995 628 1041 gesta
635 995 680 1030 sunt
688 1003 788 1041 enarrare,
797 992 834 1030 sed
842 990 899 1029 unius
909 988 997 1028 bominis

28 1057 110 1098 servitio
123 1072 145 1097 se
158 1059 248 1108 tradere,
262 1057 389 1098 ‹letensiones
404 1063 471 1097 autem
485 1058 510 1097 ab
524 1057 597 1097 amicis
608 1063 628 1098 et
641 1057 745 1111 discipulis
759 1061 864 1109 susceptae
877 1057 994 1109 plerumque

29 1125 117 1178 speciem
127 1126 221 1175 excitant,
233 1126 330 1165 advocato
344 1126 409 1166 virum
423 1126 541 1177 indiguisse,
554 1139 592 1164 nec
601 1126 640 1165 sibi
648 1127 712 1178 ipsum
722 1125 815 1165 sufficere
824 1125 919 1177 potuisse.
942 1122 994 1163 Illud

27 1192 89 1245 igitur
103 1193 120 1231 si
133 1192 200 1232 Lucas
213 1193 315 1244 voluisset,
329 1193 368 1232 sibi
383 1197 403 1232 et
416 1193 446 1232 illi
459 1207 498 1231 non
511 1192 622 1245 profuisset
634 1195 670 1233 sed
688 1193 801 1243 nocuisset,
813 1193 873 1244 idque
886 1205 910 1231 eo
923 1191 996 1244 magis,

29 1273 67 1312 quo
80 1259 160 1299 felicius
174 1260 259 1299 studium
272 1274 329 1300 suum
343 1261 417 1313 ubique
432 1260 539 1301 occultavit
554 1261 636 1313 verique
650 1261 739 1300 historici
753 1264 809 1300 veste
823 1260 901 1299 indutus
915 1259 996 1308 incedit,

28 1328 58 1367 ita
70 1331 92 1366 ut
105 1327 209 1367 artificium
223 1329 266 1378 ejus
279 1342 318 1368 non
332 1330 388 1380 prius
402 1341 460 1379 quam
473 1328 547 1368 nostris
562 1320 633 1368 dielius
647 1330 779 1381 detegeretur.
807 1327 864 1366 llaec
882 1331 947 1366 autem
961 1327 994 1365 de·

27 1394 120 1435 liberatio
134 1409 171 1435 nee
185 1393 412 1448 Schneclrenburgerum
426 1397 532 1436 commovit
546 1396 573 1449 (p,
587 1396 644 1448 248),
664 1401 685 1435 ut
698 1409 752 1434 suam
766 1395 862 1434 retineret
876 1394 996 1446 opinionem,

27 1476 66 1503 nec
78 1463 130 1502 viros
144 1457 203 1516 supra
215 1463 332 1513 nominatos,
345 1468 368 1502 ut
381 1477 484 1503 assensum
498 1477 554 1502 suum
568 1464 696 1505 cohiberent„

94 1543 96 1547 ¹
119 1529 152 1569 Ad
168 1529 308 1581 singularem
325 1531 465 1583 progredienti
482 1531 532 1570 illud
548 1531 598 1571 mihi
614 1546 663 1584 prae
680 1530 752 1571 ceteris
765 1530 926 1582 pertractandum
941 1533 997 1580 puto,

29 1598 80 1649 quod
93 1599 117 1637 ad
131 1598 243 1637 satietatem
256 1611 319 1651 usque
333 1602 354 1636 et
366 1597 471 1637 fastidium
484 1599 509 1638 ab
524 1599 621 1649 omnibus,
635 1600 744 1652 quicunque
758 1612 791 1637 res
804 1599 866 1638 hasce
879 1597 1003 1648 tetigerunt,

27 1665 133 1716 repetitum
151 1670 187 1705 est.
216 1664 292 1705 Dicunt
309 1666 361 1704 onim
384 1666 415 1705 sie
432 1680 444 1705 a
460 1666 517 1705 Luca
533 1671 596 1705 totam
613 1667 745 1706 narrationem
768 1666 878 1705 institutam
899 1677 956 1714 esse,
976 1668 997 1702 ut

28 1732 112 1771 Paulum
125 1732 186 1781 Petro
205 1738 225 1772 et
241 1734 261 1772 in
279 1732 381 1772 miraculis
397 1732 524 1785 perficiendis
542 1735 599 1773 etin
614 1735 667 1773 omni
679 1734 720 1775 vita
732 1734 822 1785 vitaeque
836 1732 913 1771 bonore
927 1744 997 1783 parem

28 1798 91 1839 luisse
105 1805 216 1852 appareret.
224 1801 242 1852 ²)

119 1867 306 1921 Quomodocumque
326 1873 394 1908 autem
412 1870 437 1908 de
454 1868 597 1919 Apostolorum
614 1869 704 1921 principe
720 1867 839 1919 iudicamus,
859 1868 898 1907 hoo
916 1868 996 1920 quidem

30 1939 115 1987 constat,
127 1941 149 1974 ut
163 1934 254 1974 Christus
267 1935 357 1988 Petrum,
372 1937 417 1975 dum
432 1937 451 1974 iu
465 1936 514 1977 vivis
529 1942 579 1988 erat,
589 1950 705 1990 quamquam
716 1936 757 1974 eius
767 1949 847 1976 errores
856 1938 996 1988 perspexerat,

29 2016 78 2055 prae
92 2003 165 2042 ceteris
179 2003 245 2053 magni
259 2003 308 2043 fecit
320 2004 381 2056 idque
395 2004 474 2042 nomine
488 2004 548 2043 etiam
563 2007 610 2044 dato
623 2005 740 2045 testificatus
755 2007 793 2054 est,
807 2004 836 2043 ita
850 2017 894 2042 eum
908 2003 928 2041 in
938 2002 996 2042 Actis

29 2083 68 2109 non
82 2075 121 2109 tam
136 2071 176 2110 dici
190 2084 247 2122 quarn
262 2073 368 2111 monstrari
381 2085 449 2113 verum
465 2071 563 2111 ccclesiae
578 2076 679 2112 auctorem
693 2071 864 2125 conditoremque,
877 2071 950 2123 quippe
963 2068 995 2121 qui

29 2138 92 2177 tribus
105 2138 189 2177 millibus
203 2137 325 2178 dudaeorum
339 2141 406 2179 coetui
424 2139 537 2178 Christiano
552 2141 595 2188 jam
612 2140 676 2192 primo
693 2138 725 2177 die
742 2139 824 2191 additis,
842 2138 908 2190 operis
925 2137 995 2176 funda-

29 2211 97 2244 menta
110 2206 203 2257 posuerit.
230 2205 288 2246 Haec
301 2207 363 2257 igitur
376 2207 448 2258 gloria,
463 2208 514 2259 quod
528 2220 568 2245 non
582 2221 638 2247 suum
652 2208 686 2246 sed
696 2205 769 2244 Christi
779 2207 799 2245 in
810 2208 912 2255 bonorem,
927 2217 995 2258 quam-

30 2286 88 2325 quam
103 2275 188 2313 omnium
202 2274 341 2326 Apostolorum
356 2276 491 2325 praesentium
510 2274 616 2314 alacritate
633 2274 720 2324 adiutuS,
737 2278 804 2315 tamen
821 2288 857 2314 sua
873 2273 999 2325 potissimum

31 2340 120 2380 oratioue
129 2355 171 2380 rem
182 2341 315 2382 difficillimam
325 2344 349 2381 ad
360 2344 435 2382 exitum
448 2342 547 2394 perduxit,
564 2342 653 2395 quoniam
663 2354 714 2395 quae
723 2339 777 2381 facta
786 2347 838 2392 sunt,
856 2341 933 2381 inlecta
942 2340 997 2380 reddi

28 2413 134 2460 nequeunt,
148 2422 245 2462 nunquam
260 2410 360 2450 obscurari
374 2412 453 2463 poterit.
481 2408 541 2448 Suum
557 2411 585 2449 ita
598 2423 668 2449 nomen
682 2410 702 2448 iu
717 2409 783 2448 onmia
797 2409 878 2450 saecula
891 2423 935 2448 cum
945 2408 995 2447 „lesu

30 2503 208 2510 Μ

123 2549 137 2589 ¹)
149 2560 164 2592 p.
176 2547 210 2580 151.
231 2548 278 2588 „wa
288 2549 341 2583 haben
353 2551 379 2583 die
390 2543 459 2584 Airsicht
470 2560 569 2591 gerronnau,
583 2551 620 2582 dass
635 2549 663 2581 der
674 2549 761 2582 Verfasser
776 2550 820 2583 nieht
830 2549 877 2582 einen
888 2550 922 2581 rein
932 2546 996 2579 histori-

31 2599 81 2632 schen
89 2602 150 2633 chelr
161 2599 236 2641 norfolgt,
248 2601 317 2634 sauderu
328 2603 367 2635 dass
380 2614 397 2635 er
409 2604 439 2635 deu
449 2603 519 2643 Apostel
530 2604 546 2635 in
557 2604 586 2635 (las
597 2600 645 2633 Licha
656 2612 676 2633 zu
687 2601 745 2634 stellen
757 2603 808 2642 sucht,
819 2603 834 2634 in
847 2601 925 2634 irololrem
937 2609 954 2630 er
966 2597 996 2629 den

30 2651 165 2684 uttan-christon
177 2650 279 2692 urranstbssig
289 2653 320 2684 und
332 2654 374 2686 :such
385 2655 411 2687 far
422 2656 446 2686 sie
457 2653 480 2685 als
492 2654 558 2686 ivabrer
568 2653 637 2695 Apostel
648 2652 742 2694 begiaubigt
754 2653 849 2686 orscbcineu
860 2651 934 2684 kounte.“

121 2703 136 2743 ²)
147 2704 168 2735 ib.
190 2702 246 2743 „liano
258 2713 276 2734 es
289 2704 364 2737 crsehien
377 2717 406 2739 uus
418 2696 476 2738 Paulus
490 2705 505 2737 iu
517 2707 558 2738 allen
570 2703 686 2737 wesemlicbeu
701 2703 779 2744 stacten,
794 2705 819 2737 dic
830 2715 850 2736 au
862 2705 912 2736 ciuem
926 2702 998 2744 Apostel

30 2754 106 2795 gahamo,
118 2754 234 2797 paralleliuirt.“
800 2767 802 2770 ⁴

861 2807 874 2845 ll
