2113 3193
977 125 1005 171 11

35 256 186 293 consueverant.
213 251 260 290 Jam
278 248 321 301 quis
339 248 439 286 scribendi
455 248 535 288 initium
551 249 633 299 fecerit,
649 249 773 302 primumque
790 247 862 287 librum
879 245 1007 285 historiarum

34 321 88 360 inter
102 318 228 358 Christianos
243 315 335 365 ediderit,
348 314 437 365 ignotum
451 318 488 355 ost.
511 315 633 355 Manendum
646 321 711 355 autem
722 320 753 357 est
768 330 812 356 cum
826 313 943 354 chofredo
953 312 1007 353 Her·

34 400 113 442 manue,
128 399 173 425 esse
188 384 248 423 etiam
261 381 364 422 nesciendi
382 382 480 435 quandam
497 386 562 421 artem
583 384 780 437 coucedendumque,
800 387 888 422 nostrum
904 382 1007 422 neminem

35 455 153 494 coniectura
169 454 304 490 assecuturum
321 464 375 499 esse,
393 448 457 503 qualis
472 449 550 501 primus
565 449 618 489 libor
633 447 705 499 fuerit,
721 464 746 488 ex
761 465 799 502 quo
814 451 886 504 reliqui
904 464 940 489 sua
956 450 1007 489 hau-

34 521 104 561 serint.
131 519 156 560 Id
173 523 238 558 autem
253 518 296 559 veri
310 517 429 557 simillimum
445 517 495 557 mihi
514 531 560 557 esse
576 517 666 566 videtur,
683 517 801 557 aramaicum
819 519 931 571 exemplum
945 518 1005 570 prius

35 602 94 641 quam
109 586 189 626 Graeca
202 591 270 625 nostra
282 585 314 626 vel
327 584 386 625 sinrul
403 598 446 624 oum
464 599 488 625 ee
506 585 605 626 extitisse.
635 583 682 624 Hoc
699 596 759 623 uurrm
775 598 821 624 vero
837 585 909 638 liquet,
928 590 1007 625 tantam

35 670 81 696 esse
96 654 246 694 similitudinem
259 653 316 692 trium
332 652 497 705 Evangeliorunr,
516 658 539 692 ut
559 667 584 693 ea
603 666 643 692 non
662 652 728 704 possit
751 651 790 690 nisi
810 665 836 690 ex
854 666 890 691 usu
909 654 1006 693 librorum

35 723 156 775 scriptorum
176 721 281 773 explicari.
314 720 353 764 [lui
371 720 423 759 enim
442 721 507 770 novit,
527 735 586 774 quam
604 720 689 761 diversis
705 719 817 759 rationibus
837 733 876 758 una
895 722 1004 775 eademque

34 790 121 829 historia
133 782 212 828 narrari
225 793 291 842 queat,
304 789 322 827 si
334 792 403 828 nostra
417 787 521 839 evangelia
537 788 648 842 perlegerit
664 786 801 839 confitebitur,
819 800 843 826 ea
860 787 912 826 iuter
928 802 949 828 se
963 793 1004 828 tam

35 862 91 897 arcte
105 856 221 907 cohaerere,
234 861 257 895 ut
269 856 289 895 iu
306 856 386 895 summis
399 854 501 894 miraculis
518 870 552 895 res
569 860 622 896 esset
635 855 735 907 ponenda,
747 855 786 894 uisi
799 855 846 894 libri
859 854 929 905 scripti
944 857 1005 894 exsti*-

34 926 117 975 tissent,
135 939 146 964 e
164 923 324 980 quibus-singuli
340 922 463 962 narrationes
482 936 530 972 suas
548 924 627 963 haurire
642 923 761 975 potuissent.
780 917 826 962 ¹Ea
845 922 906 974 igitur
922 934 1005 975 prorsus

34 992 161 1044 repudianda
173 993 251 1033 videtur
266 992 340 1043 opinio,
354 992 371 1030 si
388 990 458 1043 quibus
475 991 520 1030 visa
538 995 572 1046 cst
585 990 694 1030 similitudo
711 991 757 1030 inde
774 995 821 1029 nata
839 1003 894 1041 esse,
911 992 963 1043 quod
974 991 1005 1030 'ab

35 1060 108 1099 iisdem
117 1059 222 1111 Apostolis
236 1073 271 1098 eas
285 1060 355 1099 eodem
368 1057 426 1097 modo
439 1058 531 1108 proditas
546 1059 660 1098 audiissent.
681 1057 760 1098 Videor
773 1059 833 1111 igitur
846 1058 894 1096 milri
908 1059 928 1097 in
938 1053 1005 1097 'tribus

34 1126 153 1179 Evangeliis
167 1127 240 1166 nostris
253 1132 295 1166 tres
308 1125 451 1179 quodammodo
467 1125 558 1165 eiusdem
571 1126 617 1166 libri
631 1126 740 1177 editiones,
756 1125 822 1165 factas
836 1124 881 1163 illas
894 1138 907 1163 a
920 1126 1005 1165 diversis

35 1195 149 1234 hominibus
166 1199 187 1234 et
199 1199 221 1232 ut
234 1195 254 1233 iu
269 1195 312 1233 dies
325 1193 382 1245 plura
396 1206 419 1232 ac
433 1193 521 1232 certiora
535 1195 560 1233 de
571 1192 670 1234 vitadesu
680 1192 757 1232 Christi
770 1193 905 1233 revelarentur
913 1192 1004 1244 vulgatas

34 1264 55 1301 iu
71 1262 162 1301 manibus
180 1262 265 1313 habere,
283 1260 420 1313 ecclesiaeque
437 1260 597 1300 Christianorum
607 1261 676 1315 reteri
692 1262 801 1300 maximam
818 1260 928 1300 habendam
944 1271 1005 1312 agen-

36 1331 121 1383 damque
136 1343 181 1369 esse
195 1329 280 1381 gratiam
293 1333 347 1380 puto,
361 1328 413 1380 quod
425 1328 484 1367 uobis
498 1342 568 1368 omnes
581 1328 668 1380 reliquit,
681 1342 744 1381 eaque
753 1329 831 1368 ratione
841 1332 933 1381 quattuor
941 1327 1005 1368 Evan-
1032 1363 1033 1366 ,

36 1397 96 1450 galiis
111 1398 196 1437 servatis
210 1402 230 1435 et
243 1396 273 1435 rei
286 1396 343 1435 initia
357 1401 377 1435 et
390 1409 485 1435 summam
498 1396 645 1448 perfectionem
658 1401 769 1435 monstrare
782 1395 850 1436 voluit.

127 1465 159 1504 Αο
172 1465 256 1516 primum
270 1464 348 1517 quidem
362 1468 431 1515 patere
445 1464 494 1502 mihi
508 1465 598 1514 videtur,
613 1463 677 1503 Marci
693 1462 824 1515 Evangelinm
841 1463 892 1502 iuter
907 1477 941 1514 ea,
954 1477 1005 1515 quae

35 1534 169 1584 possidemus,
184 1531 320 1584 antiquissimo
335 1531 426 1583 exemplo
440 1531 563 1570 simillimrrm
583 1531 651 1571 fuisse.
687 1530 806 1582 Respondet
821 1531 872 1569 enim
888 1530 936 1570 illud
950 1531 1006 1576 brevi

35 1600 91 1639 Petri
106 1600 222 1650 narrationi,
236 1613 286 1653 quim
300 1601 319 1638 in
329 1599 393 1650 prima
403 1599 445 1637 eius
462 1599 560 1649 oratione,
574 1598 638 1651 qualis
653 1598 672 1636 in
682 1598 739 1637 Actis
749 1598 891 1649 Apostolorum
900 1599 1005 1651 reperitur,

35 1669 98 1707 inest:
107 1668 183 1719 Ἄνδρες
193 1668 311 1720 Ἰσραηλῖται,
325 1665 418 1706 creauere
430 1666 474 1712 τοίς
487 1666 557 1716 λόγους
570 1668 657 1711 τούτους·
677 1665 749 1717 Ἰησοῦν
762 1665 797 1705 τὸν
809 1665 927 1718 Ναζωραῖον,
941 1666 1005 1717 ἄνδρα

35 1734 75 1774 aaa
90 1738 125 1774 τοῦ
138 1737 187 1774 θεοῦ
201 1733 361 1784 ἀποδεδειγμένον
374 1734 400 1781 είς
413 1732 464 1785 apag
478 1733 571 1785 δυνάμεσι
585 1736 616 1772 καὶ
629 1735 692 1783 τέρασι
704 1735 735 1771 καί
747 1736 837 1784 σημείοις,
854 1756 879 1762 -
896 1736 964 1772 τοῦτον
982 1757 1006 1763 -

36 1802 69 1840 ara
82 1805 150 1853 χειρῶν
164 1801 242 1852 ἀνόμων
255 1801 393 1853 προςπηξαντες
406 1800 500 1847 ἀνείλατε,
514 1801 538 1840 ὄν
554 1798 565 1840 ὅ
582 1801 629 1846 θεὸς
645 1799 732 1851 ἀνέστησε
743 1798 768 1839 ll.
782 1801 865 1841 22-25.
884 1802 943 1851 unde,
959 1801 1006 1852 qnid

34 1870 161 1921 potissimum
170 1868 264 1920 Apostoli
278 1882 321 1907 cum
336 1868 439 1921 discipulis
453 1868 494 1907 suis
510 1867 700 1908 communicaverint
709 1869 852 1919 cognoscimus.
874 1869 942 1908 Pauca
952 1869 1004 1907 enirn

36 1938 61 1975 de
75 1936 169 1976 Johanne
183 1936 271 1987 baptista
284 1936 393 1987 praefatus,
407 1949 456 1987 quae
470 1941 536 1975 utrum
550 1949 599 1975 vere
613 1949 625 1973 a
638 1935 707 1974 Marco
723 1936 835 1986 praemissa
851 1935 925 1976 fuerint
941 1949 1004 1975 necne

36 2004 146 2054 dubitatur,
160 2005 185 2042 ad
195 2001 245 2042 Jesu
258 2003 354 2042 miracula
368 2009 388 2044 et
401 2008 483 2043 mortem
497 2008 518 2043 et
531 2000 700 2043 resurrectionem
713 2004 811 2042 tradenda
824 2005 900 2044 transit.
918 2003 1005 2043 Accedit

35 2072 114 2123 Papiae
127 2071 273 2110 testimonium:
286 2074 367 2123 Μάρκος
379 2076 414 2123 μὲν
427 2071 540 2124 ἑρμηνευτὴς
553 2074 629 2122 Πέτρου
643 2072 742 2121 γενόμενος
756 2072 792 2110 ὅσοι
806 2072 942 2124 ἐμνημόνευσεν
951 2072 1003 2122 daer-

35 2143 73 2190 βῶς
90 2139 176 2194 ἔγραψεν
194 2136 217 2177 οὗ
233 2139 297 2188 μέντοι
314 2140 366 2186 τάξει
379 2141 403 2179 act
416 2138 454 2178 ὑπὸ
468 2141 504 2178 τοῦ
517 2142 603 2189 Χριστοῦ
615 2154 627 2190 η
641 2137 732 2187 λεχθέντα
748 2138 760 2190 η’
773 2141 892 2190 πραχθέντα
911 2140 954 2178 οὕτε
967 2139 1002 2189 χείρ

35 2207 104 2258 ἤκουσε
117 2209 152 2245 τοῦ
165 2208 230 2258 κυρίου
244 2205 288 2244 οὔτε
300 2207 467 2258 παρηκολούθησεν
481 2205 543 2260 αὐτῷ·
558 2207 636 2256 ὕστερον
650 2204 676 2250 di,
690 2203 715 2250 ὥς
724 2206 777 2257 ἔφην,
791 2209 862 2260 Πέτρῳ,
876 2207 896 2252 ὅς
909 2207 956 2258 πρὸς
969 2206 1003 2252 τὰς

34 2277 99 2325 χρείας
112 2274 193 2312 ἐποιεῖτο
207 2273 241 2318 τοίς
251 2272 378 2319 διδασκαλίας,
393 2274 433 2313 aar
447 2274 481 2323 οὐχ
488 2274 551 2326 οἵσπερ
566 2275 655 2320 σύνταξιν
664 2275 701 2311 τοῖν
710 2276 803 2324 κυριακιίν
811 2275 924 2324 ποιούμενος
931 2274 1002 2323 λόγων.

35 2343 82 2380 ὥστε
96 2339 155 2378 οὐδὲν
167 2340 238 2392 ἥμαρτε
251 2342 337 2392 Μοίριος,
350 2342 410 2390 οὕτως
423 2342 464 2380 ἔνια
478 2343 557 2397 γράψας
570 2340 596 2387 τίς
609 2339 783 2391 ἀπεμνημόνευσεν
798 2341 840 2386 ἑνὸς
849 2341 885 2393 γὰρ
899 2341 1000 2392 ἐποιήσατο

35 2410 129 2460 πρόνοιαν
145 2411 181 2446 τοῦ
196 2407 255 2459 μηδὲν
271 2405 298 2446 ὦν
315 2408 382 2460 ἢκουσε
398 2409 514 2460 παραλιπεῖν
530 2408 543 2461 η’
555 2409 668 2464 ψεύσασθαί
681 2421 698 2444 τι
711 2406 732 2445 ἓν
746 2407 817 2455 αὐτοῖς.
831 2432 855 2437 -
869 2410 922 2461 quod
936 2407 1000 2446 multis

37 2476 61 2515 de
71 2475 149 2515 caussis
158 2475 239 2512 maximi
254 2475 364 2515 habendum
379 2481 415 2516 est.
437 2475 469 2514 Ex
483 2475 523 2514 hoe
538 2477 589 2515 enim
603 2474 710 2526 colligitur,
723 2474 794 2515 Marco
808 2480 895 2526 auctore,
908 2489 956 2528 quac
966 2473 1005 2513 Pe-

35 2548 78 2582 trus
93 2542 194 2582 araruaica
203 2541 289 2580 dialecto
299 2558 346 2583 usus
353 2543 437 2583 ludaeis
447 2543 527 2583 tradere
538 2544 608 2582 solitus
618 2540 684 2591 fuerit,
694 2540 774 2582 Graeca
780 2544 849 2596 lingua
855 2544 875 2582 in
883 2543 1005 2583 Graecorum

35 2623 93 2649 usum
106 2610 192 2661 primum
204 2608 285 2661 vulgata
299 2624 351 2662 esse,
365 2612 394 2651 ita
410 2616 431 2650 nt
448 2611 508 2649 huius
521 2613 559 2651 viri
573 2623 650 2650 manum
668 2609 688 2647 iu
704 2611 766 2650 rebus
783 2612 897 2651 ceterisab
914 2609 1006 2661 Evange-

35 2678 88 2718 listis
103 2680 173 2718 eadem
187 2678 265 2717 ratione
283 2680 379 2718 enarratis
396 2692 507 2731 agnoscere
522 2691 620 2731 cogamur.
652 2675 710 2719 Quae
728 2685 794 2718 autem
812 2680 836 2718 de
855 2678 919 2730 operis
936 2677 1005 2718 indole

37 2748 71 2797 ait,
86 2751 179 2798 quantum
194 2761 218 2787 ea
234 2744 372 2796 intelligimus,
386 2761 429 2786 cum
442 2751 511 2786 nostro
526 2746 617 2797 exemplo
631 2747 759 2797 conveniunt,
772 2746 889 2799 praesertim
904 2745 920 2782 si
935 2758 1007 2785 vocem

36 2814 98 2863 λόγων
115 2827 154 2853 uon
172 2816 197 2854 do
213 2813 335 2866 longioribus
353 2815 485 2864 orationibus,
504 2817 541 2855 sed
556 2816 580 2854 de
594 2812 653 2852 dietis
670 2812 722 2853 Jesu
738 2815 829 2855 universe
846 2813 1006 2864 interpretamur.

843 2875 870 2915 2*
