2113 3193
148 252 190 291 nis
204 250 342 301 consideratis,
355 251 374 303 siv
386 252 412 291 arl
424 250 500 293 Novum
513 251 666 292 Testamentum
684 251 770 292 animum
784 252 925 303 convertimus,
942 266 993 306 quae
1006 254 1027 293 in

58 332 84 359 eo
99 320 124 359 de
136 319 187 360 'Jesu
201 318 281 358 Ghristo
295 323 315 358 ct
327 318 430 371 Apostolis
444 324 536 360 enarrata
549 325 604 371 sunt,
621 322 647 359 ad
661 320 701 359 hoc
714 333 777 372 genus
793 321 901 371 pertinent,
918 321 970 371 quod
982 333 1028 372 pro-

56 387 103 439 prie
121 386 238 427 historicum
255 385 333 427 dicitur.
363 385 428 427 Recte
447 388 499 428 enim
514 387 630 440 Evangelia,
643 401 656 426 a
672 385 753 426 Justinc
764 387 957 439 Ἀπομνημονεύματα
974 387 1027 427 dicta

57 460 112 505 suut,
125 468 162 501 nec
175 454 230 505 prior
242 466 290 505 pars
299 453 396 494 Actorum
410 459 441 495 cst
450 456 533 496 diversa.
555 454 659 494 Johannes
669 454 763 505 baptista,
772 453 840 505 Jesus,
849 453 979 507 Apostolique
988 454 1027 494 hac

57 523 83 562 in
88 522 174 561 historia
183 533 205 559 sc
216 520 326 574 excipiunt,
335 521 453 576 publiceque
463 523 554 561 doctores
565 520 676 560 israelitici
688 520 811 573 prodierunt,
824 522 858 573 qui
869 521 948 576 quidem
960 534 1026 562 omnes

58 602 98 629 non
112 588 133 627 in
147 581 261 640 scribendo,
276 590 311 629 sed
324 589 345 628 in
359 589 447 628 docendo
461 593 481 628 et
494 588 570 640 agendo
581 587 675 640 occupati
684 587 734 627 nihil
741 588 854 640 relinquere
863 588 975 638 studebant,
988 589 1027 629 uisi

57 654 148 695 fidelium
163 655 307 707 discipulorum
319 655 473 705 multitudinem,
489 655 522 706 qui
539 659 559 694 et
575 656 714 695 meminissent
726 669 792 695 rerum
807 655 892 695 omnium
906 669 917 694 a
931 669 1026 709 praecep·
1041 653 1043 656 ’

56 723 137 762 toribus
154 726 257 774 gestarum
274 728 294 762 et
311 735 344 761 eas
362 721 407 761 aliis
424 735 516 762 enarrare
534 726 554 762 et
566 722 644 763 referre
657 727 745 775 possent.
772 723 819 763 dam
833 722 866 775 qui
879 721 929 761 Jesu
944 723 1026 764 comites

58 789 150 841 fuerant,
163 791 193 830 'ea
206 803 257 843 quae
270 790 361 830 viderant
375 794 395 829 et
408 790 511 829 audierant
523 791 632 831 memoriae
645 790 775 841 tradiderunt,
791 790 850 843 idque
865 803 888 829 eo
901 791 973 843 magis,
988 804 1026 844 quo

57 857 156 897 intentius
173 870 249 896 omnem
267 869 348 909 operam
365 870 390 897 ac
405 856 493 896 lahorem
509 861 531 896 ut
546 858 607 897 totius
624 859 677 899 vitae
695 856 852 897 conformatione
866 871 902 896 sna
916 857 1027 909 exemplum

59 925 100 964 sibi
109 923 232 977 propositum
245 923 372 963 imitarentur
385 928 404 964 et
417 929 526 978 aequarent
534 925 664 966 contulerunt.
685 925 731 965 Jam
741 925 830 979 aprimis
839 929 906 965 autem
915 924 984 965 diebus
993 938 1026 965 res

59 992 132 1032 a‘Jesu
144 989 249 1044 perfectae
263 990 355 1045 quoniam
368 991 474 1031 inusitatae
488 996 508 1031 et
521 992 650 1032 inconsuetae
664 997 728 1044 erant,
741 993 823 1045 eiusque
837 992 892 1031 dicta
904 993 1027 1033 sententiosa

57 1073 110 1099 nova
124 1058 191 1098 omnia
205 1063 226 1098 et
237 1058 333 1110 inaudita,
346 1071 407 1110 saepe
419 1059 484 1110 repeti
497 1064 517 1099 et
526 1058 570 1098 aliis
578 1058 653 1099 referri
662 1060 764 1113 solebant3
777 1061 869 1112 idemque
877 1063 953 1112 postea,
966 1073 1026 1113 quum

57 1125 154 1179 Apostoli
170 1127 243 1165 docere
257 1126 380 1177 coepissent,
393 1126 425 1165 his
440 1126 510 1167 evenit.
534 1117 645 1166 Praeterea
657 1141 705 1167 vero
719 1126 781 1167 Jesns
793 1127 855 1167 multa
867 1126 927 1176 fecit,
940 1133 961 1167 ut
975 1141 1026 1181 quae

59 1193 147 1232 dixisset
156 1197 176 1233 et
185 1191 276 1244 fecisset,
288 1192 348 1234 facile
357 1193 464 1233 memoriae
473 1193 604 1234 inhaererent.
625 1193 675 1246 Ipsa
684 1196 735 1235 eninr
744 1195 795 1234 ratio
809 1208 874 1235 rerum
889 1195 913 1234 ab
927 1208 951 1234 eo
965 1195 1026 1234 tradi-

57 1265 126 1300 tarum
138 1260 188 1299 illud
201 1259 284 1300 efficere
297 1265 381 1312 poterat,
395 1262 487 1314 quoniam
502 1274 535 1301 res
548 1264 611 1301 novae
626 1275 662 1312 per
675 1276 698 1302 se
710 1262 790 1302 facilius
804 1262 920 1303 retinentur.
946 1261 1025 1302 Deinde

57 1341 99 1367 non
116 1341 161 1367 raro
175 1327 261 1378 monuit,
282 1340 326 1367 esse
343 1327 418 1381 aliquid
435 1328 495 1368 menti
511 1342 587 1368 summa
603 1341 653 1368 cura
669 1330 793 1369 tradendum.
821 1329 854 1369 Ac
871 1328 949 1381 singula
964 1330 1026 1369 verba

57 1396 169 1436 memoriae
189 1394 313 1447 inhaesisse,
330 1409 356 1435 ex
372 1394 470 1435 Johanuis
491 1394 603 1435 narratione
626 1401 710 1448 apparet
726 1396 746 1434 in
762 1396 802 1436 fine
818 1396 923 1448 Evangelii
940 1396 1025 1435 adiecta.

58 1462 121 1502 Patet
130 1467 204 1512 autem,
217 1462 262 1514 ipsa
270 1462 373 1514 regionum
380 1461 513 1516 locorumque,
526 1463 628 1514 inquibus
641 1477 675 1503 res
689 1477 757 1503 omnes
768 1467 825 1504 actae
838 1462 924 1513 fuerant,
935 1467 1026 1515 opportu-

58 1529 122 1569 nitate
135 1529 245 1582 prohihitos
258 1529 321 1569 fuisse
334 1529 441 1582 Apostolos
455 1531 556 1583 quominus
570 1530 628 1570 obrui
642 1544 677 1570 eas
690 1535 813 1583 paterentur.
839 1531 889 1571 Nam
902 1530 952 1579 talia
964 1529 1026 1569 facile

57 1609 96 1636 nos
110 1598 222 1638 admonent.
249 1595 280 1636 Ac
293 1610 329 1649 per
341 1602 403 1637 totam
417 1596 533 1649 Galilaeam,
546 1596 668 1649 Samariam,
681 1598 780 1638 Judaeam
794 1598 879 1650 saepius
888 1597 1025 1650 peregrinatus

57 1664 136 1714 fuerat,
154 1655 278 1717 diversisque
291 1664 312 1703 in
324 1664 376 1704 locis
389 1664 482 1705 miracula
494 1664 577 1706 fecerat.
604 1664 659 1704 Hinc
671 1664 720 1704 illud
734 1670 766 1705 est
779 1665 925 1718 explicandum,
940 1664 992 1718 quod
1004 1664 1026 1705 in

57 1731 176 1784 Evangeliis
190 1737 210 1772 et
222 1731 280 1771 Actis
292 1731 435 1783 Apostolorum
447 1732 523 1772 urbium
537 1732 627 1782 nomina,
644 1733 744 1782 vicorum,
760 1733 864 1782 montium,
879 1732 971 1771 Iordanis
984 1735 1025 1770 tam

58 1814 121 1853 saepe
135 1804 324 1849 commemorantur,
340 1799 401 1839 multo
416 1803 479 1840 antem
492 1800 555 1839 minus
570 1800 656 1840 habetur
669 1804 779 1851 temporum
792 1800 852 1849 ratio,
869 1799 908 1838 nisi
922 1799 954 1838 ubi
968 1798 1025 1850 plura

58 1861 154 1920 quoniam
167 1867 225 1906 simul
240 1872 298 1919 gesta
311 1871 364 1917 sunt,
378 1868 447 1906 eadem
459 1867 479 1906 in
492 1866 606 1907 narratione
620 1867 689 1907 iuncta
701 1867 833 1919 reperiuntur.

151 1933 199 1974 Dici
216 1935 278 1987 igitur
293 1938 370 1987 potest,
390 1935 407 1973 si
424 1936 500 1988 quando
518 1933 626 1975 difficultas
644 1934 734 1988 superari
751 1935 847 1988 potuerit,
864 1946 914 1986 quae
931 1933 951 1972 in
964 1932 1025 1973 rebus

60 2002 125 2054 gestis
138 2016 186 2043 vere
201 2002 318 2043 enarrandis
332 2002 405 2054 ubique
419 2004 515 2054 cernitur,
528 2003 567 2042 hoc
580 2003 601 2042 in
614 2002 666 2043 Jesu
680 2002 757 2043 Christi
770 2002 854 2042 historia
868 2000 1024 2052 exspectandum

59 2069 130 2110 fuisse.
169 2070 267 2121 Accedit,
284 2071 336 2121 quod
353 2069 372 2110 is
386 2083 412 2109 ex
430 2083 466 2121 quo
483 2070 567 2121 primum
583 2070 668 2122 prodiit,
685 2083 763 2122 semper
779 2074 823 2109 erat
841 2073 923 2121 aparte
939 2067 1024 2118 discipu·

58 2135 131 2186 lorum,
143 2137 175 2178 vel
189 2138 214 2177 ab
229 2138 319 2177 omnihus
334 2136 437 2176 duodecim
451 2137 590 2188 circumdatus,
605 2137 639 2189 qui
653 2151 712 2188 quum
726 2151 782 2188 spem
796 2136 878 2186 alerent,
891 2135 935 2174 fore
949 2139 970 2173 ut
984 2147 1024 2173 om·

59 2204 115 2243 nium
128 2206 203 2244 animos
217 2206 313 2256 magister
327 2204 420 2244 celeriter
433 2205 452 2244 in
466 2218 487 2244 se
502 2208 628 2245 converteret
642 2205 713 2257 deique
729 2216 813 2256 regnum
829 2203 914 2254 primum
930 2202 982 2241 inter
994 2201 1024 2241 Is-

59 2271 235 2322 rectractatione
251 2272 304 2312 inter
321 2277 398 2312 ceteros
415 2273 537 2323 restitueret,
557 2271 625 2311 omnia
644 2273 720 2311 intento
738 2271 803 2310 animo
821 2274 841 2309 ct
857 2269 926 2309 andire
943 2273 963 2308 ct
979 2283 1025 2310 con.-

57 2338 153 2391 templari
167 2339 263 2380 solebant.
285 2339 339 2379 Hinc
352 2339 403 2378 alter
417 2339 499 2378 alterurn
513 2340 606 2381 adiuvare
615 2345 718 2391 poterant:
732 2338 849 2390 plerumque
862 2337 913 2376 enim
921 2336 982 2376 iuncti
995 2337 1024 2375 in-

58 2408 133 2447 cedere
147 2406 237 2447 solehant
251 2421 275 2447 ac
288 2407 326 2446 soli
339 2420 384 2446 raro
398 2406 473 2446 muneri
487 2406 544 2447 alicui
558 2406 718 2448 satisfaciebant.
744 2404 786 2444 Nec
799 2405 924 2444 metuendum
938 2407 988 2453 erat,
1000 2417 1026 2443 ne

58 2474 171 2514 factionum
184 2476 249 2514 studio
262 2475 368 2529 quidquam
383 2478 450 2515 essent
463 2476 579 2526 suscepturi,
592 2475 640 2528 qnia
649 2474 718 2524 desus,
731 2486 789 2525 quem
802 2485 860 2511 uuum
873 2472 1025 2520 venerabantur,

59 2555 138 2581 omnem
164 2541 284 2593 singulorum
307 2542 421 2594 snperbiam
447 2547 570 2593 represserat
594 2556 680 2596 eumque
706 2541 779 2580 ceteris
803 2539 955 2592 praeferendum
971 2551 1023 2577 -esse

60 2611 163 2657 docuerat,
177 2609 209 2659 qni
223 2611 248 2648 ad
261 2623 344 2662 reguum
358 2610 389 2650 dei
402 2609 517 2650 firmandum
530 2610 615 2661 plurima
628 2609 683 2650 mala
696 2621 803 2660 perpessus
816 2608 893 2647 fuisset.

151 2675 199 2716 Jarn
212 2690 258 2716 vero
273 2678 290 2716 si
304 2683 365 2716 totam
381 2678 432 2718 Jesu
448 2677 523 2717 Christi
539 2678 599 2718 vitam
617 2676 783 2728 contemplamur,
800 2680 820 2714 et
837 2674 934 2726 quomodo
951 2674 1024 2725 optime

62 2757 86 2782 ca
100 2745 186 2785 describi
199 2746 294 2796 potnerit,
310 2745 428 2798 quaerimus,
442 2759 490 2797 opus
504 2744 542 2783 hcc
556 2745 695 2785 difficillimum
709 2743 772 2783 fuisse
785 2756 821 2794 per
835 2755 857 2780 se
870 2745 931 2794 patet.
958 2740 1025 2780 Tanta

60 2812 113 2851 enim
130 2818 173 2853 crat
189 2825 255 2853 rerum
272 2816 374 2864 gestarum
389 2812 492 2852 multitudo
510 2817 531 2852 et
546 2813 647 2863 gravitas,
668 2816 689 2850 ut
705 2811 809 2852 verissime
826 2808 929 2849 Johennes
947 2808 1026 2858 dixerit,
