2113 3193
61 121 89 167 10

60 257 100 283 non
117 243 160 283 siue
181 257 205 282 ea
220 241 357 293 perfectione,
377 255 428 294 quae
445 243 537 282 omnibus
554 244 697 295 posterioribus
714 245 838 296 temporibus
855 247 946 297 exemplo
963 246 1032 298 fuerit,

61 312 137 365 primos
157 309 297 367 composuisse.
336 309 379 349 Sed
402 309 437 350 illc
457 311 528 363 procul
548 326 560 351 a
579 312 681 363 republica
700 312 790 363 gerenda
809 318 891 364 praeter
910 313 1031 354 voluntatem

61 383 150 418 remotus
164 377 209 416 huie
222 377 256 416 uui
269 377 300 416 rei
309 382 374 417 totum
389 379 475 418 animum
488 379 577 429 tradidit,
590 392 626 418 nec
634 384 699 418 tamen
708 378 759 418 libro
775 394 818 430 suo,
832 385 895 420 morte
905 386 1031 432 praematura

64 447 177 498 impeditus
191 458 234 484 eum
249 458 307 497 quem
323 446 408 497 optabat
421 445 480 487 finem
497 447 591 486 adiunxit.
619 445 717 488 Quantum
734 450 801 486 autem
819 447 907 488 laborem
921 449 977 500 operi
994 463 1030 487 suo

64 512 191 565 impenderit,
211 516 231 551 et
244 512 289 564 ipse
307 513 413 553 consessus
428 517 458 551 est
472 517 492 552 et
504 513 616 564 legentibus
629 512 692 563 primo
706 513 776 552 obtutu
791 515 892 555 oculorum
906 516 1030 567 intelligitur.

62 582 139 621 'Caesar
151 579 249 629 vero,'vir
266 595 357 621 summae
374 582 395 619 in
412 580 502 619 omnibus
520 578 623 618 conatibus
641 579 760 629 celeritatis,
773 584 928 622 commentarios
945 583 1031 635 scripsit,

61 662 99 687 nou
108 647 212 686 historiam
221 650 339 700 composuit,
348 652 370 687 ut
378 647 413 686 alii
423 646 532 697 scriptores
542 646 639 686 haberent
645 648 697 700 quod
707 654 808 700 ornarent,
817 651 853 688 sed
862 664 921 702 quum
930 651 1030 690 scribendi

61 715 138 754 ratione
159 715 321 754 emendatissima
344 728 391 755 usus
412 714 503 753 omnihus
525 727 581 765 spem
601 714 683 754 meliora
702 713 818 765 proferendi
840 718 957 770 eripuisset,
976 718 1030 756 solus

61 782 143 821 relictus
158 787 194 822 est.
220 782 331 822 Verumet
344 783 365 821 in
378 782 410 820 his
423 781 481 820 libris
494 794 534 820 non
548 795 613 833 pauca
625 782 755 832 inveniuntur,
769 796 821 836 quae
834 785 893 824 valdo
907 799 944 824 neo
957 786 1031 824 iniuria

61 851 185 902 reprehensa
200 853 254 900 sunt,
274 862 314 889 uec
334 854 375 888 tam
392 848 479 888 feliciter
496 847 583 888 tortasse
599 863 632 888 res
649 849 753 899 cessisset,
770 852 809 890 nisi
825 851 880 891 bella
897 857 1032 903 enarrassent,

65 932 116 970 quae
129 932 165 969 per
178 917 253 969 aliquot
267 930 331 956 annos
341 921 417 956 certum
431 917 537 955 decursum
550 917 666 956 habueruut.
691 916 734 960 Quo
749 919 802 958 euim
816 919 875 971 plura
888 934 937 971 opus
950 919 1032 972 aliquod

62 985 160 1035 continet,
173 989 194 1023 ut
211 984 228 1023 si
245 984 375 1034 Thucydides
391 983 527 1034 Athenarum,
544 983 621 1023 Romae
635 984 736 1022 historiam
754 984 831 1026 Caesar
849 988 975 1027 scribendam
991 987 1031 1027 sibi

61 1053 175 1104 elegissent,
183 1053 223 1091 hoc
232 1050 339 1096 difficilior.
345 1056 376 1091 est
385 1057 475 1101 conatus,
489 1066 552 1105 eoque
561 1052 635 1090 certius
649 1052 688 1090 diei
697 1056 770 1104 potest,
783 1068 822 1092 uon
836 1069 895 1094 uuum
905 1055 965 1095 facile
975 1055 1032 1095 oneri

61 1120 108 1159 huie
121 1124 214 1171 suscepto
228 1118 376 1159 satisfacturum
392 1133 445 1160 esse.
473 1119 531 1159 Solet
544 1120 604 1170 igitur
617 1119 646 1157 ita
659 1118 709 1168 fieri,
722 1123 744 1158 ut
758 1120 832 1161 diversi
846 1122 937 1162 homines
951 1124 1032 1162 easdem

62 1202 95 1227 res
109 1187 225 1238 suscipiant,
246 1188 310 1226 donec
323 1201 373 1226 unus
394 1187 468 1240 aliquis
488 1186 562 1238 ingenii
571 1186 647 1230 ,robore
662 1191 682 1225 et
702 1187 858 1228 adiumentoruru
880 1191 939 1242 copia
953 1191 1032 1232 adiutus

61 1256 92 1295 rei
105 1256 144 1306 ipsi
157 1254 281 1294 satisfecisse
295 1255 392 1295 videatur.

150 1322 172 1361 lu
187 1321 246 1361 Actis
259 1326 325 1361 autem
334 1321 478 1372 Apostolorum
494 1321 626 1360 diiudicandis
641 1320 731 1373 plerique
741 1323 868 1364 immemores
884 1325 969 1374 fuerunt,
980 1325 1033 1377 quod

62 1391 88 1429 iis
95 1393 230 1443 argumentum
240 1389 406 1441 estpropositum
420 1403 432 1428 a
444 1389 497 1428 nullo
510 1388 550 1427 alio
563 1392 653 1440 quantum
663 1389 736 1427 scimus
746 1395 806 1431 antea
815 1395 928 1431 tractatum.
950 1390 1033 1434 Quodsi

61 1472 129 1499 verum
142 1462 178 1507 est,
190 1479 216 1485 —
229 1448 356 1496 coniecturas
369 1456 423 1496 enim
436 1458 460 1496 de
473 1456 546 1497 libellis
559 1460 618 1495 autea
631 1456 690 1495 editis
701 1456 789 1496 incertas
803 1473 858 1509 esse,
869 1460 913 1511 quis
926 1473 965 1497 nou
977 1458 1034 1508 vidit,

63 1525 96 1579 qui
106 1526 123 1564 si
133 1525 263 1574 exstitissent,
276 1524 368 1576 singulae
378 1523 464 1564 fuissent
476 1524 608 1573 narrationes,
616 1536 654 1561 non
663 1522 780 1574 liherunuS,
793 1526 826 1576 qui
840 1527 891 1565 haee
904 1526 967 1564 omnia
981 1540 1033 1564 conr·

62 1592 201 1645 prehendisset
208 1616 233 1621 —
241 1591 284 1644 quis
293 1605 333 1630 uon
343 1592 491 1631 condonaturus
499 1591 546 1630 huic
555 1590 648 1642 scriptori
660 1594 719 1638 esset,
732 1591 749 1629 si
762 1604 802 1631 uon
815 1593 881 1631 omnia
890 1593 949 1644 plene
959 1598 979 1632 ct
988 1607 1033 1644 per-

62 1659 116 1700 fecte
130 1658 259 1712 perfecissetl
286 1657 413 1711 Quicumque
424 1659 474 1699 enim
485 1659 560 1710 primus
573 1657 614 1697 tale
627 1657 674 1710 quid
687 1657 778 1708 suscipit,
792 1662 837 1709 ejus
850 1670 899 1712 opus
913 1661 978 1699 animo
988 1674 1034 1712 gra.

63 1729 139 1768 tissimo
154 1727 293 1779 excipiendum
307 1727 352 1766 erit.

66 1836 67 1840 ,
153 1795 219 1834 Aliter
227 1795 356 1834 iudicandum
367 1798 398 1833 est
407 1796 432 1834 de
443 1798 534 1848 quattuor
545 1806 596 1845 quae
607 1796 711 1843 supersunt
717 1791 840 1846 Evangeliis,
850 1808 902 1847 quae
912 1796 930 1833 si
940 1801 1033 1835 accurate

66 1862 144 1915 singula
157 1862 284 1913 contemplati
293 1862 392 1902 fuerimus
407 1867 427 1901 et
442 1862 494 1900 inter
507 1874 529 1900 se
542 1860 726 1911 comparaverimus
739 1874 778 1912 qua
787 1863 865 1902 ratione
875 1863 951 1902 sensim·
959 1861 1034 1902 Christi

65 1931 149 1970 historia
165 1929 274 1981 perfectius
291 1934 387 1969 enarrata
403 1928 474 1978 fuerit,
492 1928 637 1980 uisi'equidcm
653 1926 721 1978 fallor,
735 1927 825 1969 iuvenire
843 1930 958 1981 poterimus.
988 1929 1035 1968 Etsi

66 1998 117 2037 enirn
131 2011 198 2038 omnes
212 1997 234 2036 hi
246 1997 292 2036 libri
306 1997 408 2049 praeclari
426 2001 470 2035 sunt
488 2009 563 2049 suaque
580 1995 651 2035 virtute
668 1996 803 2047 uuusquisque
821 1997 913 2047 excellit,
930 2002 996 2036 tamen
1012 2001 1035 2036 ut

67 2066 118 2117 quod
131 2079 198 2105 veruur
211 2065 259 2103 mihi
277 2066 357 2105 videtur
374 2065 455 2104 disertis
468 2064 536 2103 verbis
549 2062 679 2114 pronuntiem,
693 2062 710 2100 si
722 2062 774 2102 viam
789 2078 848 2117 quam
862 2065 948 2116 ingressi
961 2078 1035 2115 smnus,

66 2132 203 2185 persequimur
223 2136 244 2172 et
263 2133 313 2171 artis
334 2132 443 2172 historicae
466 2132 522 2183 leges
543 2129 672 2180 consulimus,
691 2143 785 2182 magnum
801 2132 854 2171 iuter
871 2146 908 2171 cos
927 2132 1034 2172 discrimen

69 2201 189 2249 detegemus·
222 2199 277 2239 Unus
296 2200 349 2240 enim
365 2198 469 2239 Johannes
489 2198 538 2237 artis
554 2198 640 2249 vestigia
657 2202 753 2236 monstrat
772 2199 895 2250 reliquisque
912 2200 975 2238 tribus
992 2199 1034 2238 lon-

68 2267 149 2320 gissimo
166 2267 269 2308 intervallo
287 2268 400 2318 antecedit,
418 2268 475 2319 isque
493 2267 510 2305 si
528 2259 594 2305 famae
607 2269 662 2304 recte
676 2264 802 2316 confidimus,
823 2266 909 2304 omnium
922 2271 1034 2319 postremus

66 2334 112 2385 fuit,
126 2335 157 2386 qui
171 2336 196 2373 ad
209 2333 260 2374 Jesu
276 2335 338 2374 vitam
356 2335 483 2373 scribendam
500 2347 544 2373 sese
561 2333 653 2372 accinxit.
683 2332 725 2372 Sed
742 2334 769 2370 ad
785 2333 838 2372 lianc
855 2346 946 2374 caussam
963 2339 1035 2387 postca

67 2401 201 2453 transibimus,
213 2416 265 2441 nuuc
280 2403 305 2442 dc
326 2402 390 2441 tribus
408 2401 518 2454 evangeliis
533 2400 640 2450 Matthaei,
657 2400 730 2450 Marci,
749 2400 817 2440 Lucae
837 2401 966 2452 disputaturi,
983 2415 1051 2454 quae-

68 2471 113 2523 ipsa
126 2483 252 2521 progressum
266 2471 316 2509 artis
331 2471 356 2509 de
371 2483 409 2522 quo
423 2470 493 2521 loquor
506 2482 554 2519 prae
568 2482 590 2507 sc
604 2467 674 2508 ferunt.

159 2535 241 2577 Constat
254 2542 329 2589 autern,
344 2542 385 2578 tres
403 2536 543 2587 Evangelistas
560 2537 637 2588 priores
654 2536 729 2585 omnia,
746 2548 797 2588 quae
814 2537 949 2589 prodiderint,
966 2550 1034 2576 narra-

68 2605 155 2645 tionibus
170 2604 252 2655 dcbere,
269 2606 340 2658 quales
357 2606 377 2646 iu
395 2619 430 2645 ore
447 2609 468 2644 ct
484 2618 574 2644 sermone
592 2604 749 2644 Christianorum
767 2603 802 2643 illo
815 2610 905 2655 tempore
920 2604 1035 2644 circumlata

69 2671 147 2714 fuerint.
164 2670 255 2724 Apostoli
270 2673 321 2712 euim
336 2678 358 2712 ut
371 2678 434 2713 testes
444 2672 507 2725 ipsius
517 2677 583 2711 essent
592 2686 604 2710 a
613 2671 693 2710 Christo
703 2671 755 2709 docti
766 2672 886 2723 eruditique,
900 2672 946 2711 huic
958 2672 1034 2711 rmureri

70 2751 104 2777 suo
117 2755 138 2780 se
152 2753 191 2778 nou
205 2739 331 2791 subtraxere,
345 2742 381 2780 sed
394 2741 451 2780 initio
466 2754 478 2779 a
491 2743 554 2779 morte
568 2744 588 2779 ct
600 2738 744 2779 resurrectione
758 2738 821 2789 facto,
834 2739 855 2777 in
865 2739 935 2793 quibus
945 2739 1035 2779 doctrina

73 2805 226 2849 Christianorum
239 2808 327 2848 manime
340 2808 419 2859 nititur,
433 2809 499 2849 omnia
520 2820 570 2859 quae
583 2807 679 2847 vidissent
696 2810 716 2845 et
731 2807 844 2846 audiissent
864 2808 938 2847 sensim
956 2806 1034 2848 referre
