<?xml version="1.0" encoding="UTF-8"?>
<!DOCTYPE html PUBLIC "-//W3C//DTD XHTML 1.0 Transitional//EN"
    "http://www.w3.org/TR/xhtml1/DTD/xhtml1-transitional.dtd">
<html xmlns="http://www.w3.org/1999/xhtml" xml:lang="en" lang="en">
 <head>
  <title>
</title>
<meta http-equiv="Content-Type" content="text/html;charset=utf-8" />
  <meta name='ocr-system' content='tesseract 3.04.00' />
  <meta name='ocr-capabilities' content='ocr_page ocr_carea ocr_par ocr_line ocrx_word'/>
</head>
<body>
  <div class='ocr_page' id='page_1' title='image "MN41434ucmf_1_0031.png"; bbox 0 0 2113 3193; ppageno 0'>
   <div class='ocr_carea' id='block_1_1' title="bbox 983 114 1011 160">
    <p class='ocr_par' dir='ltr' id='par_1_1' title="bbox 983 114 1011 160">
     <span class='ocr_line' id='line_1_1' title="bbox 983 114 1011 160; baseline 0.036 -1"><span class='ocrx_word' id='word_1_1' title='bbox 983 114 1011 160; x_wconf 83' lang='lat'><strong>15</strong></span> 
     </span>
    </p>
   </div>
   <div class='ocr_carea' id='block_1_2' title="bbox 2 231 1030 2854">
    <p class='ocr_par' dir='ltr' id='par_1_2' title="bbox 15 231 1014 761">
     <span class='ocr_line' id='line_1_2' title="bbox 15 231 1014 292; baseline -0.005 -11"><span class='ocrx_word' id='word_1_2' title='bbox 15 231 16 234; x_wconf 11' lang='grc' dir='ltr'><strong>Ἴ</strong></span> <span class='ocrx_word' id='word_1_3' title='bbox 36 241 113 281; x_wconf 90' lang='lat' dir='ltr'><strong>oultatc</strong></span> <span class='ocrx_word' id='word_1_4' title='bbox 127 253 182 289; x_wconf 89' lang='lat' dir='ltr'><strong>usus,</strong></span> <span class='ocrx_word' id='word_1_5' title='bbox 196 252 247 292; x_wconf 87' lang='lat' dir='ltr'><strong>quae</strong></span> <span class='ocrx_word' id='word_1_6' title='bbox 260 239 282 276; x_wconf 92' lang='lat' dir='ltr'><strong>iu</strong></span> <span class='ocrx_word' id='word_1_7' title='bbox 295 237 384 276; x_wconf 88' lang='lat' dir='ltr'><strong>oratione</strong></span> <span class='ocrx_word' id='word_1_8' title='bbox 393 236 493 275; x_wconf 91' lang='lat' dir='ltr'><strong>homiuum</strong></span> <span class='ocrx_word' id='word_1_9' title='bbox 502 237 596 276; x_wconf 78' lang='lat' dir='ltr'>sensibus</span> <span class='ocrx_word' id='word_1_10' title='bbox 610 250 634 275; x_wconf 86' lang='lat' dir='ltr'><strong>ac</strong></span> <span class='ocrx_word' id='word_1_11' title='bbox 643 236 741 276; x_wconf 90' lang='lat' dir='ltr'><strong>mentibus</strong></span> <span class='ocrx_word' id='word_1_12' title='bbox 752 233 906 290; x_wconf 85' lang='lat' dir='ltr'><strong>accommodata</strong></span> <span class='ocrx_word' id='word_1_13' title='bbox 918 235 1014 287; x_wconf 89' lang='lat' dir='ltr'><strong>cernitur,</strong></span> 
     </span>
     <span class='ocr_line' id='line_1_3' title="bbox 37 301 1013 358; baseline -0.006 -10"><span class='ocrx_word' id='word_1_14' title='bbox 37 312 94 348; x_wconf 88' lang='lat' dir='ltr'><strong>tanta</strong></span> <span class='ocrx_word' id='word_1_15' title='bbox 108 307 207 358; x_wconf 83' lang='lat' dir='ltr'><strong>gravitate</strong></span> <span class='ocrx_word' id='word_1_16' title='bbox 221 304 280 344; x_wconf 84' lang='lat' dir='ltr'><strong>simul</strong></span> <span class='ocrx_word' id='word_1_17' title='bbox 298 309 318 343; x_wconf 89' lang='lat' dir='ltr'><strong>et</strong></span> <span class='ocrx_word' id='word_1_18' title='bbox 330 303 452 343; x_wconf 89' lang='lat' dir='ltr'><strong>iucunditate</strong></span> <span class='ocrx_word' id='word_1_19' title='bbox 468 304 536 341; x_wconf 85' lang='lat' dir='ltr'><strong>omnia</strong></span> <span class='ocrx_word' id='word_1_20' title='bbox 549 303 647 354; x_wconf 79' lang='lat' dir='ltr'><strong>explicat,</strong></span> <span class='ocrx_word' id='word_1_21' title='bbox 663 308 685 343; x_wconf 90' lang='lat' dir='ltr'><strong>ut</strong></span> <span class='ocrx_word' id='word_1_22' title='bbox 700 302 783 342; x_wconf 88' lang='lat' dir='ltr'><strong>mirifice</strong></span> <span class='ocrx_word' id='word_1_23' title='bbox 801 316 838 341; x_wconf 92' lang='lat' dir='ltr'><strong>nos</strong></span> <span class='ocrx_word' id='word_1_24' title='bbox 854 301 875 340; x_wconf 91' lang='lat' dir='ltr'><strong>in</strong></span> <span class='ocrx_word' id='word_1_25' title='bbox 889 315 978 341; x_wconf 87' lang='lat' dir='ltr'><strong>amorem</strong></span> <span class='ocrx_word' id='word_1_26' title='bbox 992 308 1013 342; x_wconf 91' lang='lat' dir='ltr'><strong>et</strong></span> 
     </span>
     <span class='ocr_line' id='line_1_4' title="bbox 36 369 1013 429; baseline -0.005 -15"><span class='ocrx_word' id='word_1_27' title='bbox 36 375 143 428; x_wconf 88' lang='lat' dir='ltr'><strong>scriptoris</strong></span> <span class='ocrx_word' id='word_1_28' title='bbox 164 379 184 412; x_wconf 90' lang='lat' dir='ltr'><strong>et</strong></span> <span class='ocrx_word' id='word_1_29' title='bbox 200 373 230 412; x_wconf 90' lang='lat' dir='ltr'><strong>rei</strong></span> <span class='ocrx_word' id='word_1_30' title='bbox 248 376 353 429; x_wconf 88' lang='lat' dir='ltr'><strong>enarratae</strong></span> <span class='ocrx_word' id='word_1_31' title='bbox 370 371 463 422; x_wconf 88' lang='lat' dir='ltr'><strong>abreptos</strong></span> <span class='ocrx_word' id='word_1_32' title='bbox 476 369 593 409; x_wconf 77' lang='lat' dir='ltr'>sentiamus.</span> <span class='ocrx_word' id='word_1_33' title='bbox 619 369 666 409; x_wconf 86' lang='lat' dir='ltr'><strong>Jam</strong></span> <span class='ocrx_word' id='word_1_34' title='bbox 678 371 791 410; x_wconf 76' lang='lat' dir='ltr'><strong>Matthaeus</strong></span> <span class='ocrx_word' id='word_1_35' title='bbox 805 370 822 409; x_wconf 90' lang='lat' dir='ltr'><strong>si</strong></span> <span class='ocrx_word' id='word_1_36' title='bbox 833 369 908 409; x_wconf 78' lang='lat' dir='ltr'><strong>Christi</strong></span> <span class='ocrx_word' id='word_1_37' title='bbox 921 370 1013 421; x_wconf 85' lang='lat' dir='ltr'><strong>origines</strong></span> 
     </span>
     <span class='ocr_line' id='line_1_5' title="bbox 37 434 1014 496; baseline -0.004 -15"><span class='ocrx_word' id='word_1_38' title='bbox 37 443 147 482; x_wconf 88' lang='lat' dir='ltr'><strong>tradendas</strong></span> <span class='ocrx_word' id='word_1_39' title='bbox 165 454 210 480; x_wconf 87' lang='lat' dir='ltr'><strong>esse</strong></span> <span class='ocrx_word' id='word_1_40' title='bbox 227 440 315 489; x_wconf 86' lang='lat' dir='ltr'><strong>viderat,</strong></span> <span class='ocrx_word' id='word_1_41' title='bbox 329 438 401 496; x_wconf 77' lang='lat' dir='ltr'><strong>‘Lucas</strong></span> <span class='ocrx_word' id='word_1_42' title='bbox 418 437 496 489; x_wconf 84' lang='lat' dir='ltr'><strong>lougius</strong></span> <span class='ocrx_word' id='word_1_43' title='bbox 514 434 579 476; x_wconf 87' lang='lat' dir='ltr'><strong>ctiam</strong></span> <span class='ocrx_word' id='word_1_44' title='bbox 596 450 700 488; x_wconf 77' lang='lat' dir='ltr'><strong>regressus</strong></span> <span class='ocrx_word' id='word_1_45' title='bbox 720 437 817 477; x_wconf 90' lang='lat' dir='ltr'><strong>Johannis</strong></span> <span class='ocrx_word' id='word_1_46' title='bbox 837 451 916 490; x_wconf 92' lang='lat' dir='ltr'><strong>quoque</strong></span> <span class='ocrx_word' id='word_1_47' title='bbox 932 443 1014 491; x_wconf 85' lang='lat' dir='ltr'><strong>patrem</strong></span> 
     </span>
     <span class='ocr_line' id='line_1_6' title="bbox 37 504 1014 562; baseline -0.003 -14"><span class='ocrx_word' id='word_1_48' title='bbox 37 514 162 562; x_wconf 83' lang='lat' dir='ltr'><strong>matremque</strong></span> <span class='ocrx_word' id='word_1_49' title='bbox 175 507 289 557; x_wconf 86' lang='lat' dir='ltr'><strong>nominavit,</strong></span> <span class='ocrx_word' id='word_1_50' title='bbox 302 507 366 559; x_wconf 86' lang='lat' dir='ltr'><strong>iisque</strong></span> <span class='ocrx_word' id='word_1_51' title='bbox 380 506 477 559; x_wconf 89' lang='lat' dir='ltr'><strong>quomodo</strong></span> <span class='ocrx_word' id='word_1_52' title='bbox 492 519 507 544; x_wconf 86' lang='lat' dir='ltr'><strong>a·</strong></span> <span class='ocrx_word' id='word_1_53' title='bbox 519 506 558 543; x_wconf 89' lang='lat' dir='ltr'><strong>deo</strong></span> <span class='ocrx_word' id='word_1_54' title='bbox 573 504 692 542; x_wconf 88' lang='lat' dir='ltr'><strong>denodatus</strong></span> <span class='ocrx_word' id='word_1_55' title='bbox 705 509 758 543; x_wconf 86' lang='lat' dir='ltr'><strong>esset</strong></span> <span class='ocrx_word' id='word_1_56' title='bbox 771 505 864 556; x_wconf 81' lang='lat' dir='ltr'><strong>prodidit,</strong></span> <span class='ocrx_word' id='word_1_57' title='bbox 876 505 935 558; x_wconf 84' lang='lat' dir='ltr'><strong>longe</strong></span> <span class='ocrx_word' id='word_1_58' title='bbox 946 506 1014 546; x_wconf 87' lang='lat' dir='ltr'><strong>diver·</strong></span> 
     </span>
     <span class='ocr_line' id='line_1_7' title="bbox 37 570 1012 625; baseline -0.002 -10"><span class='ocrx_word' id='word_1_59' title='bbox 37 590 72 615; x_wconf 90' lang='lat' dir='ltr'><strong>sos</strong></span> <span class='ocrx_word' id='word_1_60' title='bbox 91 591 104 615; x_wconf 90' lang='lat' dir='ltr'><strong>a</strong></span> <span class='ocrx_word' id='word_1_61' title='bbox 117 575 220 615; x_wconf 88' lang='lat' dir='ltr'><strong>Matthaeo</strong></span> <span class='ocrx_word' id='word_1_62' title='bbox 237 579 307 614; x_wconf 91' lang='lat' dir='ltr'><strong>nactus</strong></span> <span class='ocrx_word' id='word_1_63' title='bbox 325 577 425 623; x_wconf 89' lang='lat' dir='ltr'><strong>auctores,</strong></span> <span class='ocrx_word' id='word_1_64' title='bbox 443 587 492 625; x_wconf 90' lang='lat' dir='ltr'><strong>quos</strong></span> <span class='ocrx_word' id='word_1_65' title='bbox 505 572 587 612; x_wconf 86' lang='lat' dir='ltr'><strong>Mariae</strong></span> <span class='ocrx_word' id='word_1_66' title='bbox 604 570 750 610; x_wconf 82' lang='lat' dir='ltr'><strong>narrationibus</strong></span> <span class='ocrx_word' id='word_1_67' title='bbox 767 585 802 610; x_wconf 88' lang='lat' dir='ltr'><strong>sua</strong></span> <span class='ocrx_word' id='word_1_68' title='bbox 818 572 890 611; x_wconf 90' lang='lat' dir='ltr'><strong>debere</strong></span> <span class='ocrx_word' id='word_1_69' title='bbox 907 574 1012 615; x_wconf 78' lang='lat' dir='ltr'><strong>coniicias,</strong></span> 
     </span>
     <span class='ocr_line' id='line_1_8' title="bbox 37 638 1012 698; baseline -0.001 -16"><span class='ocrx_word' id='word_1_70' title='bbox 37 644 106 695; x_wconf 86' lang='lat' dir='ltr'><strong>Atque</strong></span> <span class='ocrx_word' id='word_1_71' title='bbox 124 644 169 694; x_wconf 90' lang='lat' dir='ltr'><strong>ipsa</strong></span> <span class='ocrx_word' id='word_1_72' title='bbox 180 657 212 691; x_wconf 84' lang='lat' dir='ltr'><strong>res</strong></span> <span class='ocrx_word' id='word_1_73' title='bbox 229 642 331 694; x_wconf 86' lang='lat' dir='ltr'><strong>postulare</strong></span> <span class='ocrx_word' id='word_1_74' title='bbox 347 640 385 680; x_wconf 92' lang='lat' dir='ltr'><strong>hoc</strong></span> <span class='ocrx_word' id='word_1_75' title='bbox 404 640 518 690; x_wconf 90' lang='lat' dir='ltr'><strong>videbatur,</strong></span> <span class='ocrx_word' id='word_1_76' title='bbox 539 653 604 693; x_wconf 89' lang='lat' dir='ltr'><strong>neque</strong></span> <span class='ocrx_word' id='word_1_77' title='bbox 619 638 721 690; x_wconf 90' lang='lat' dir='ltr'><strong>aprimae</strong></span> <span class='ocrx_word' id='word_1_78' title='bbox 735 638 832 698; x_wconf 86' lang='lat' dir='ltr'><strong>ecclesiae</strong></span> <span class='ocrx_word' id='word_1_79' title='bbox 845 640 901 679; x_wconf 90' lang='lat' dir='ltr'><strong>initio</strong></span> <span class='ocrx_word' id='word_1_80' title='bbox 914 641 1012 693; x_wconf 89' lang='lat' dir='ltr'><strong>Apostoli</strong></span> 
     </span>
     <span class='ocr_line' id='line_1_9' title="bbox 37 705 1010 761; baseline -0.001 -11"><span class='ocrx_word' id='word_1_81' title='bbox 37 710 139 750; x_wconf 87' lang='lat' dir='ltr'><strong>Johaunis</strong></span> <span class='ocrx_word' id='word_1_82' title='bbox 146 710 246 761; x_wconf 86' lang='lat' dir='ltr'><strong>baptistae</strong></span> <span class='ocrx_word' id='word_1_83' title='bbox 253 710 382 753; x_wconf 76' lang='lat' dir='ltr'><strong>immemores</strong></span> <span class='ocrx_word' id='word_1_84' title='bbox 387 707 450 757; x_wconf 87' lang='lat' dir='ltr'><strong>fuere,</strong></span> <span class='ocrx_word' id='word_1_85' title='bbox 457 709 515 749; x_wconf 64' lang='lat' dir='ltr'><strong>cuius,</strong></span> <span class='ocrx_word' id='word_1_86' title='bbox 520 706 655 760; x_wconf 85' lang='lat' dir='ltr'><strong>inreguoDci</strong></span> <span class='ocrx_word' id='word_1_87' title='bbox 663 706 801 759; x_wconf 80' lang='lat' dir='ltr'><strong>praeparando</strong></span> <span class='ocrx_word' id='word_1_88' title='bbox 809 705 839 744; x_wconf 91' lang='lat' dir='ltr'><strong>vis</strong></span> <span class='ocrx_word' id='word_1_89' title='bbox 845 707 1010 749; x_wconf 83' lang='lat' dir='ltr'><strong>maximafuerat.</strong></span> 
     </span>
    </p>

    <p class='ocr_par' dir='ltr' id='par_1_3' title="bbox 3 771 1010 831">
     <span class='ocr_line' id='line_1_10' title="bbox 3 771 1010 831; baseline -0.003 -14"><span class='ocrx_word' id='word_1_90' title='bbox 3 820 6 831; x_wconf 21' lang='grc' dir='ltr'>ᾖ</span> <span class='ocrx_word' id='word_1_91' title='bbox 38 778 96 817; x_wconf 90' lang='lat' dir='ltr'><strong>Ac</strong></span> <span class='ocrx_word' id='word_1_92' title='bbox 80 792 98 817; x_wconf 71' lang='grc' dir='ltr'><strong>ει</strong></span> <span class='ocrx_word' id='word_1_93' title='bbox 109 781 187 817; x_wconf 88' lang='lat' dir='ltr'><strong>comec</strong></span> <span class='ocrx_word' id='word_1_94' title='bbox 189 791 236 816; x_wconf 77' lang='lat' dir='ltr'><strong>urae</strong></span> <span class='ocrx_word' id='word_1_95' title='bbox 246 777 292 816; x_wconf 90' lang='lat' dir='ltr'><strong>lus</strong></span> <span class='ocrx_word' id='word_1_96' title='bbox 287 790 307 815; x_wconf 92' lang='grc' dir='ltr'><strong>ιιι</strong></span> <span class='ocrx_word' id='word_1_97' title='bbox 316 777 376 815; x_wconf 82' lang='lat' dir='ltr'><strong>rebus</strong></span> <span class='ocrx_word' id='word_1_98' title='bbox 385 776 440 815; x_wconf 92' lang='lat' dir='ltr'><strong>locus</strong></span> <span class='ocrx_word' id='word_1_99' title='bbox 454 780 491 826; x_wconf 88' lang='lat' dir='ltr'><strong>est,</strong></span> <span class='ocrx_word' id='word_1_100' title='bbox 507 776 580 827; x_wconf 89' lang='lat' dir='ltr'><strong>quod</strong></span> <span class='ocrx_word' id='word_1_101' title='bbox 575 788 596 813; x_wconf 92' lang='grc' dir='ltr'><strong>ιιι</strong></span> <span class='ocrx_word' id='word_1_102' title='bbox 609 772 817 825; x_wconf 89' lang='lat' dir='ltr'><strong>ActisApostolorum</strong></span> <span class='ocrx_word' id='word_1_103' title='bbox 832 772 856 811; x_wconf 91' lang='lat' dir='ltr'><strong>de</strong></span> <span class='ocrx_word' id='word_1_104' title='bbox 869 771 965 813; x_wconf 86' lang='lat' dir='ltr'><strong>Johaunrs</strong></span> <span class='ocrx_word' id='word_1_105' title='bbox 980 776 1010 814; x_wconf 91' lang='lat' dir='ltr'><strong>di-</strong></span> 
     </span>
    </p>

    <p class='ocr_par' dir='ltr' id='par_1_4' title="bbox 39 840 1010 896">
     <span class='ocr_line' id='line_1_11' title="bbox 39 840 1010 896; baseline -0.003 -12"><span class='ocrx_word' id='word_1_106' title='bbox 39 845 124 896; x_wconf 82' lang='lat' dir='ltr'><strong>scipulis</strong></span> <span class='ocrx_word' id='word_1_107' title='bbox 138 848 235 894; x_wconf 80' lang='lat' dir='ltr'><strong>narratur,</strong></span> <span class='ocrx_word' id='word_1_108' title='bbox 248 843 326 893; x_wconf 88' lang='lat' dir='ltr'>XVIlI,</span> <span class='ocrx_word' id='word_1_109' title='bbox 339 844 365 883; x_wconf 77' lang='lat'><strong>24</strong></span> <span class='ocrx_word' id='word_1_110' title='bbox 378 857 420 896; x_wconf 85' lang='lat' dir='ltr'><strong>sqq</strong></span> <span class='ocrx_word' id='word_1_111' title='bbox 434 842 492 893; x_wconf 84' lang='lat' dir='ltr'>XIX,</span> <span class='ocrx_word' id='word_1_112' title='bbox 506 843 583 895; x_wconf 83' lang='lat' dir='ltr'><strong>1sqq.,</strong></span> <span class='ocrx_word' id='word_1_113' title='bbox 596 854 661 881; x_wconf 91' lang='lat' dir='ltr'><strong>noune</strong></span> <span class='ocrx_word' id='word_1_114' title='bbox 676 840 793 879; x_wconf 81' lang='lat' dir='ltr'><strong>Paulumet</strong></span> <span class='ocrx_word' id='word_1_115' title='bbox 806 841 883 879; x_wconf 81' lang='lat' dir='ltr'><strong>Lucam</strong></span> <span class='ocrx_word' id='word_1_116' title='bbox 897 841 979 879; x_wconf 90' lang='lat' dir='ltr'><strong>denuo</strong></span> <span class='ocrx_word' id='word_1_117' title='bbox 974 843 1010 881; x_wconf 90' lang='lat' dir='ltr'><strong>ad-</strong></span> 
     </span>
    </p>

    <p class='ocr_par' dir='ltr' id='par_1_5' title="bbox 37 909 1011 1097">
     <span class='ocr_line' id='line_1_12' title="bbox 37 909 1011 964; baseline -0.002 -13"><span class='ocrx_word' id='word_1_118' title='bbox 37 926 121 951; x_wconf 90' lang='lat' dir='ltr'><strong>mouere</strong></span> <span class='ocrx_word' id='word_1_119' title='bbox 135 916 169 964; x_wconf 92' lang='lat' dir='ltr'><strong>pot</strong></span> <span class='ocrx_word' id='word_1_120' title='bbox 171 916 221 960; x_wconf 89' lang='lat' dir='ltr'><strong>erat,</strong></span> <span class='ocrx_word' id='word_1_121' title='bbox 234 916 256 950; x_wconf 92' lang='lat' dir='ltr'><strong>ut</strong></span> <span class='ocrx_word' id='word_1_122' title='bbox 270 912 295 950; x_wconf 88' lang='lat' dir='ltr'><strong>de</strong></span> <span class='ocrx_word' id='word_1_123' title='bbox 304 909 396 950; x_wconf 85' lang='lat' dir='ltr'><strong>Johaune</strong></span> <span class='ocrx_word' id='word_1_124' title='bbox 406 910 493 949; x_wconf 87' lang='lat' dir='ltr'><strong>certiora</strong></span> <span class='ocrx_word' id='word_1_125' title='bbox 507 913 528 948; x_wconf 91' lang='lat' dir='ltr'><strong>et</strong></span> <span class='ocrx_word' id='word_1_126' title='bbox 538 910 663 954; x_wconf 88' lang='lat' dir='ltr'><strong>accuratiora</strong></span> <span class='ocrx_word' id='word_1_127' title='bbox 676 921 758 947; x_wconf 83' lang='lat' dir='ltr'><strong>narrare</strong></span> <span class='ocrx_word' id='word_1_128' title='bbox 770 921 865 960; x_wconf 91' lang='lat' dir='ltr'><strong>perquam</strong></span> <span class='ocrx_word' id='word_1_129' title='bbox 875 910 1011 957; x_wconf 85' lang='lat' dir='ltr'><strong>necessarium</strong></span> 
     </span>
     <span class='ocr_line' id='line_1_13' title="bbox 38 976 1011 1031; baseline -0.001 -13"><span class='ocrx_word' id='word_1_130' title='bbox 38 993 85 1019; x_wconf 89' lang='lat' dir='ltr'><strong>esse</strong></span> <span class='ocrx_word' id='word_1_131' title='bbox 99 979 246 1031; x_wconf 63' lang='lat' dir='ltr'><strong>intelligerent?</strong></span> <span class='ocrx_word' id='word_1_132' title='bbox 260 976 325 1028; x_wconf 68' lang='lat' dir='ltr'><strong>(luae,</strong></span> <span class='ocrx_word' id='word_1_133' title='bbox 338 978 514 1030; x_wconf 87' lang='lat' dir='ltr'><strong>quomodocunque</strong></span> <span class='ocrx_word' id='word_1_134' title='bbox 529 976 649 1027; x_wconf 82' lang='lat' dir='ltr'><strong>explicanda</strong></span> <span class='ocrx_word' id='word_1_135' title='bbox 657 979 742 1025; x_wconf 88' lang='lat' dir='ltr'><strong>sunt,—</strong></span> <span class='ocrx_word' id='word_1_136' title='bbox 716 976 794 1028; x_wconf 88' lang='lat' dir='ltr'><strong>—quis</strong></span> <span class='ocrx_word' id='word_1_137' title='bbox 804 976 856 1014; x_wconf 89' lang='lat' dir='ltr'><strong>enirn</strong></span> <span class='ocrx_word' id='word_1_138' title='bbox 865 980 934 1015; x_wconf 88' lang='lat' dir='ltr'><strong>nostra</strong></span> <span class='ocrx_word' id='word_1_139' title='bbox 943 981 1011 1017; x_wconf 87' lang='lat' dir='ltr'><strong>aetate</strong></span> 
     </span>
     <span class='ocr_line' id='line_1_14' title="bbox 38 1043 1011 1097; baseline -0.002 -11"><span class='ocrx_word' id='word_1_140' title='bbox 38 1061 75 1086; x_wconf 91' lang='lat' dir='ltr'><strong>cur</strong></span> <span class='ocrx_word' id='word_1_141' title='bbox 91 1046 170 1097; x_wconf 84' lang='lat' dir='ltr'><strong>singula</strong></span> <span class='ocrx_word' id='word_1_142' title='bbox 183 1045 325 1097; x_wconf 84' lang='lat' dir='ltr'><strong>Evangelistae</strong></span> <span class='ocrx_word' id='word_1_143' title='bbox 339 1049 374 1083; x_wconf 88' lang='lat' dir='ltr'><strong>aut</strong></span> <span class='ocrx_word' id='word_1_144' title='bbox 387 1046 500 1085; x_wconf 84' lang='lat' dir='ltr'><strong>addiderint</strong></span> <span class='ocrx_word' id='word_1_145' title='bbox 492 1044 591 1096; x_wconf 90' lang='lat' dir='ltr'><strong>taliquid</strong></span> <span class='ocrx_word' id='word_1_146' title='bbox 604 1047 638 1082; x_wconf 89' lang='lat' dir='ltr'><strong>aut</strong></span> <span class='ocrx_word' id='word_1_147' title='bbox 651 1043 765 1092; x_wconf 87' lang='lat' dir='ltr'><strong>omiserint,</strong></span> <span class='ocrx_word' id='word_1_148' title='bbox 747 1044 811 1081; x_wconf 89' lang='lat' dir='ltr'><strong>tdet</strong></span> <span class='ocrx_word' id='word_1_149' title='bbox 792 1046 870 1094; x_wconf 87' lang='lat' dir='ltr'><strong>etegat.</strong></span> <span class='ocrx_word' id='word_1_150' title='bbox 879 1067 905 1072; x_wconf 80' lang='lat'>—</span> <span class='ocrx_word' id='word_1_151' title='bbox 918 1058 969 1097; x_wconf 87' lang='lat' dir='ltr'><strong>quae</strong></span> <span class='ocrx_word' id='word_1_152' title='bbox 985 1046 1011 1085; x_wconf 90' lang='lat' dir='ltr'><strong>de</strong></span> 
     </span>
    </p>

    <p class='ocr_par' dir='ltr' id='par_1_6' title="bbox 37 1110 1010 1165">
     <span class='ocr_line' id='line_1_15' title="bbox 37 1110 1010 1165; baseline -0.002 -12"><span class='ocrx_word' id='word_1_153' title='bbox 37 1113 133 1153; x_wconf 88' lang='lat' dir='ltr'><strong>Johanne</strong></span> <span class='ocrx_word' id='word_1_154' title='bbox 147 1116 279 1165; x_wconf 88' lang='lat' dir='ltr'><strong>compererat,</strong></span> <span class='ocrx_word' id='word_1_155' title='bbox 293 1127 317 1152; x_wconf 91' lang='lat' dir='ltr'><strong>ea</strong></span> <span class='ocrx_word' id='word_1_156' title='bbox 329 1112 396 1151; x_wconf 83' lang='lat' dir='ltr'><strong>Lucas</strong></span> <span class='ocrx_word' id='word_1_157' title='bbox 406 1112 555 1152; x_wconf 92' lang='lat' dir='ltr'><strong>commentariis</strong></span> <span class='ocrx_word' id='word_1_158' title='bbox 569 1111 610 1150; x_wconf 89' lang='lat' dir='ltr'><strong>suis</strong></span> <span class='ocrx_word' id='word_1_159' title='bbox 619 1111 664 1149; x_wconf 90' lang='lat' dir='ltr'><strong>ita&#39;</strong></span> <span class='ocrx_word' id='word_1_160' title='bbox 659 1111 751 1161; x_wconf 81' lang='lat' dir='ltr'><strong>inseruit,</strong></span> <span class='ocrx_word' id='word_1_161' title='bbox 764 1115 786 1149; x_wconf 86' lang='lat' dir='ltr'><strong>ut</strong></span> <span class='ocrx_word' id='word_1_162' title='bbox 793 1110 861 1163; x_wconf 90' lang='lat' dir='ltr'><strong>primo</strong></span> <span class='ocrx_word' id='word_1_163' title='bbox 875 1111 913 1150; x_wconf 89' lang='lat' dir='ltr'><strong>iam</strong></span> <span class='ocrx_word' id='word_1_164' title='bbox 926 1112 1010 1158; x_wconf 85' lang='lat' dir='ltr'><strong>introitu</strong></span> 
     </span>
    </p>

    <p class='ocr_par' dir='ltr' id='par_1_7' title="bbox 37 1178 1010 1233">
     <span class='ocr_line' id='line_1_16' title="bbox 37 1178 1010 1233; baseline -0.003 -12"><span class='ocrx_word' id='word_1_165' title='bbox 37 1182 133 1233; x_wconf 83' lang='lat' dir='ltr'><strong>legentes</strong></span> <span class='ocrx_word' id='word_1_166' title='bbox 144 1180 243 1220; x_wconf 76' lang='lat' dir='ltr'><strong>Iohannis</strong></span> <span class='ocrx_word' id='word_1_167' title='bbox 261 1180 398 1232; x_wconf 84' lang='lat' dir='ltr'><strong>coguitionem</strong></span> <span class='ocrx_word' id='word_1_168' title='bbox 413 1181 455 1219; x_wconf 90' lang='lat' dir='ltr'><strong>sibi</strong></span> <span class='ocrx_word' id='word_1_169' title='bbox 469 1182 575 1231; x_wconf 86' lang='lat' dir='ltr'><strong>pararent,</strong></span> <span class='ocrx_word' id='word_1_170' title='bbox 594 1192 652 1231; x_wconf 89' lang='lat' dir='ltr'><strong>quam</strong></span> <span class='ocrx_word' id='word_1_171' title='bbox 669 1193 728 1232; x_wconf 91' lang='lat' dir='ltr'><strong>quum</strong></span> <span class='ocrx_word' id='word_1_172' title='bbox 744 1179 798 1218; x_wconf 90' lang='lat' dir='ltr'><strong>viam</strong></span> <span class='ocrx_word' id='word_1_173' title='bbox 814 1178 892 1229; x_wconf 80' lang='lat' dir='ltr'><strong>ingredi</strong></span> <span class='ocrx_word' id='word_1_174' title='bbox 909 1179 948 1218; x_wconf 90' lang='lat' dir='ltr'><strong>sibi</strong></span> <span class='ocrx_word' id='word_1_175' title='bbox 962 1193 1010 1231; x_wconf 89' lang='lat' dir='ltr'><strong>pro-</strong></span> 
     </span>
    </p>

    <p class='ocr_par' dir='ltr' id='par_1_8' title="bbox 37 1246 1030 1569">
     <span class='ocr_line' id='line_1_17' title="bbox 37 1246 1030 1300; baseline -0.001 -13"><span class='ocrx_word' id='word_1_176' title='bbox 37 1249 148 1300; x_wconf 83' lang='lat' dir='ltr'><strong>posuisset,</strong></span> <span class='ocrx_word' id='word_1_177' title='bbox 162 1253 239 1287; x_wconf 89' lang='lat' dir='ltr'><strong>mutare</strong></span> <span class='ocrx_word' id='word_1_178' title='bbox 253 1248 320 1286; x_wconf 90' lang='lat' dir='ltr'><strong>omnia</strong></span> <span class='ocrx_word' id='word_1_179' title='bbox 333 1252 414 1287; x_wconf 89' lang='lat' dir='ltr'><strong>coactus</strong></span> <span class='ocrx_word' id='word_1_180' title='bbox 428 1253 479 1289; x_wconf 69' lang='lat' dir='ltr'><strong>erat„</strong></span> <span class='ocrx_word' id='word_1_181' title='bbox 505 1246 572 1286; x_wconf 85' lang='lat' dir='ltr'><strong>Simul</strong></span> <span class='ocrx_word' id='word_1_182' title='bbox 588 1260 638 1286; x_wconf 89' lang='lat' dir='ltr'><strong>vero</strong></span> <span class='ocrx_word' id='word_1_183' title='bbox 652 1247 685 1286; x_wconf 92' lang='lat' dir='ltr'><strong>ille</strong></span> <span class='ocrx_word' id='word_1_184' title='bbox 702 1252 814 1297; x_wconf 88' lang='lat' dir='ltr'><strong>temporum</strong></span> <span class='ocrx_word' id='word_1_185' title='bbox 831 1259 898 1289; x_wconf 89' lang='lat' dir='ltr'><strong>curam</strong></span> <span class='ocrx_word' id='word_1_186' title='bbox 914 1247 1010 1286; x_wconf 86' lang='lat' dir='ltr'><strong>maiorem</strong></span> <span class='ocrx_word' id='word_1_187' title='bbox 1028 1260 1030 1264; x_wconf 91' lang='lat'>·</span> 
     </span>
     <span class='ocr_line' id='line_1_18' title="bbox 37 1312 1011 1369; baseline -0.002 -14"><span class='ocrx_word' id='word_1_188' title='bbox 37 1316 119 1366; x_wconf 86' lang='lat' dir='ltr'><strong>habuit,</strong></span> <span class='ocrx_word' id='word_1_189' title='bbox 140 1317 247 1368; x_wconf 83' lang='lat' dir='ltr'><strong>docuitque</strong></span> <span class='ocrx_word' id='word_1_190' title='bbox 264 1315 342 1369; x_wconf 87' lang='lat' dir='ltr'><strong>quando</strong></span> <span class='ocrx_word' id='word_1_191' title='bbox 360 1314 462 1355; x_wconf 91' lang='lat' dir='ltr'><strong>Johannes</strong></span> <span class='ocrx_word' id='word_1_192' title='bbox 479 1315 591 1367; x_wconf 85' lang='lat' dir='ltr'><strong>prodiisset</strong></span> <span class='ocrx_word' id='word_1_193' title='bbox 608 1318 628 1353; x_wconf 91' lang='lat' dir='ltr'><strong>et</strong></span> <span class='ocrx_word' id='word_1_194' title='bbox 641 1319 688 1367; x_wconf 90' lang='lat' dir='ltr'><strong>quot</strong></span> <span class='ocrx_word' id='word_1_195' title='bbox 706 1328 768 1353; x_wconf 89' lang='lat' dir='ltr'><strong>annos</strong></span> <span class='ocrx_word' id='word_1_196' title='bbox 785 1318 843 1352; x_wconf 88' lang='lat' dir='ltr'><strong>natus</strong></span> <span class='ocrx_word' id='word_1_197' title='bbox 859 1312 933 1363; x_wconf 80' lang='lat' dir='ltr'><strong>Jcsus,</strong></span> <span class='ocrx_word' id='word_1_198' title='bbox 951 1327 1011 1366; x_wconf 85' lang='lat' dir='ltr'><strong>quum</strong></span> 
     </span>
     <span class='ocr_line' id='line_1_19' title="bbox 38 1380 1011 1436; baseline -0.001 -14"><span class='ocrx_word' id='word_1_199' title='bbox 38 1384 114 1423; x_wconf 88' lang='lat' dir='ltr'><strong>docere</strong></span> <span class='ocrx_word' id='word_1_200' title='bbox 127 1384 231 1435; x_wconf 82' lang='lat' dir='ltr'><strong>inciperet,</strong></span> <span class='ocrx_word' id='word_1_201' title='bbox 244 1382 326 1422; x_wconf 80' lang='lat' dir='ltr'><strong>fuisset:</strong></span> <span class='ocrx_word' id='word_1_202' title='bbox 341 1382 369 1421; x_wconf 88' lang='lat' dir='ltr'><strong>ita</strong></span> <span class='ocrx_word' id='word_1_203' title='bbox 378 1395 432 1432; x_wconf 86' lang='lat' dir='ltr'><strong>vero,</strong></span> <span class='ocrx_word' id='word_1_204' title='bbox 446 1387 527 1436; x_wconf 86' lang='lat' dir='ltr'><strong>atquae</strong></span> <span class='ocrx_word' id='word_1_205' title='bbox 537 1381 653 1421; x_wconf 82' lang='lat' dir='ltr'><strong>Matthaeus</strong></span> <span class='ocrx_word' id='word_1_206' title='bbox 663 1383 687 1421; x_wconf 88' lang='lat' dir='ltr'><strong>dc</strong></span> <span class='ocrx_word' id='word_1_207' title='bbox 700 1382 775 1420; x_wconf 88' lang='lat' dir='ltr'><strong>iisdem</strong></span> <span class='ocrx_word' id='word_1_208' title='bbox 784 1381 845 1420; x_wconf 90' lang='lat' dir='ltr'><strong>rebus</strong></span> <span class='ocrx_word' id='word_1_209' title='bbox 854 1380 933 1420; x_wconf 80' lang='lat' dir='ltr'><strong>dixerat</strong></span> <span class='ocrx_word' id='word_1_210' title='bbox 946 1382 1011 1421; x_wconf 88' lang='lat' dir='ltr'><strong>omnia</strong></span> 
     </span>
     <span class='ocr_line' id='line_1_20' title="bbox 38 1448 1010 1503; baseline 0 -14"><span class='ocrx_word' id='word_1_211' title='bbox 38 1451 158 1503; x_wconf 83' lang='lat' dir='ltr'><strong>negligeret.</strong></span> <span class='ocrx_word' id='word_1_212' title='bbox 185 1450 292 1503; x_wconf 89' lang='lat' dir='ltr'><strong>Utriusque</strong></span> <span class='ocrx_word' id='word_1_213' title='bbox 310 1451 370 1503; x_wconf 84' lang='lat' dir='ltr'><strong>igitur</strong></span> <span class='ocrx_word' id='word_1_214' title='bbox 386 1450 531 1502; x_wconf 80' lang='lat' dir='ltr'><strong>Evangelistae</strong></span> <span class='ocrx_word' id='word_1_215' title='bbox 549 1449 654 1489; x_wconf 88' lang='lat' dir='ltr'><strong>consilium</strong></span> <span class='ocrx_word' id='word_1_216' title='bbox 668 1449 719 1488; x_wconf 92' lang='lat' dir='ltr'><strong>idem</strong></span> <span class='ocrx_word' id='word_1_217' title='bbox 733 1448 777 1488; x_wconf 82' lang='lat' dir='ltr'><strong>lere</strong></span> <span class='ocrx_word' id='word_1_218' title='bbox 792 1453 830 1494; x_wconf 88' lang='lat' dir='ltr'><strong>est,</strong></span> <span class='ocrx_word' id='word_1_219' title='bbox 847 1448 946 1487; x_wconf 84' lang='lat' dir='ltr'><strong>enarratio</strong></span> <span class='ocrx_word' id='word_1_220' title='bbox 962 1463 1010 1489; x_wconf 92' lang='lat' dir='ltr'><strong>vero</strong></span> 
     </span>
     <span class='ocr_line' id='line_1_21' title="bbox 38 1518 304 1569; baseline 0.008 -12"><span class='ocrx_word' id='word_1_221' title='bbox 38 1519 67 1558; x_wconf 89' lang='lat' dir='ltr'><strong>ab</strong></span> <span class='ocrx_word' id='word_1_222' title='bbox 79 1519 132 1557; x_wconf 93' lang='lat' dir='ltr'><strong>omni</strong></span> <span class='ocrx_word' id='word_1_223' title='bbox 146 1523 204 1569; x_wconf 87' lang='lat' dir='ltr'><strong>parte</strong></span> <span class='ocrx_word' id='word_1_224' title='bbox 218 1518 304 1559; x_wconf 87' lang='lat' dir='ltr'><strong>diversa.</strong></span> 
     </span>
    </p>

    <p class='ocr_par' dir='ltr' id='par_1_9' title="bbox 38 1583 1012 1774">
     <span class='ocr_line' id='line_1_22' title="bbox 131 1583 1012 1641; baseline 0 -17"><span class='ocrx_word' id='word_1_225' title='bbox 131 1584 238 1634; x_wconf 85' lang='lat' dir='ltr'><strong>Jamvero</strong></span> <span class='ocrx_word' id='word_1_226' title='bbox 252 1586 270 1625; x_wconf 89' lang='lat' dir='ltr'><strong>si</strong></span> <span class='ocrx_word' id='word_1_227' title='bbox 283 1586 389 1638; x_wconf 74' lang='lat' dir='ltr'><strong>pergimus</strong></span> <span class='ocrx_word' id='word_1_228' title='bbox 403 1586 468 1625; x_wconf 91' lang='lat' dir='ltr'><strong>subito</strong></span> <span class='ocrx_word' id='word_1_229' title='bbox 482 1586 550 1624; x_wconf 89' lang='lat' dir='ltr'><strong>omnia</strong></span> <span class='ocrx_word' id='word_1_230' title='bbox 559 1589 669 1624; x_wconf 82' lang='lat' dir='ltr'><strong>mutantur:</strong></span> <span class='ocrx_word' id='word_1_231' title='bbox 683 1583 778 1622; x_wconf 89' lang='lat' dir='ltr'><strong>orationis</strong></span> <span class='ocrx_word' id='word_1_232' title='bbox 791 1584 881 1641; x_wconf 86' lang='lat' dir='ltr'><strong>gravitas</strong></span> <span class='ocrx_word' id='word_1_233' title='bbox 895 1583 974 1634; x_wconf 88' lang='lat' dir='ltr'><strong>desiuit,</strong></span> <span class='ocrx_word' id='word_1_234' title='bbox 988 1598 1012 1624; x_wconf 87' lang='lat' dir='ltr'><strong>ac</strong></span> 
     </span>
     <span class='ocr_line' id='line_1_23' title="bbox 38 1650 1011 1706; baseline -0.001 -15"><span class='ocrx_word' id='word_1_235' title='bbox 38 1653 108 1692; x_wconf 90' lang='lat' dir='ltr'><strong>tenuis</strong></span> <span class='ocrx_word' id='word_1_236' title='bbox 120 1653 154 1693; x_wconf 90' lang='lat' dir='ltr'><strong>ille</strong></span> <span class='ocrx_word' id='word_1_237' title='bbox 169 1667 233 1693; x_wconf 88' lang='lat' dir='ltr'><strong>sermo</strong></span> <span class='ocrx_word' id='word_1_238' title='bbox 248 1657 337 1706; x_wconf 88' lang='lat' dir='ltr'><strong>apparet,</strong></span> <span class='ocrx_word' id='word_1_239' title='bbox 350 1666 409 1704; x_wconf 89' lang='lat' dir='ltr'><strong>quem</strong></span> <span class='ocrx_word' id='word_1_240' title='bbox 422 1667 448 1693; x_wconf 80' lang='lat' dir='ltr'><strong>ex</strong></span> <span class='ocrx_word' id='word_1_241' title='bbox 461 1653 528 1693; x_wconf 84' lang='lat' dir='ltr'><strong>Marci</strong></span> <span class='ocrx_word' id='word_1_242' title='bbox 539 1652 652 1704; x_wconf 87' lang='lat' dir='ltr'><strong>Evangelio</strong></span> <span class='ocrx_word' id='word_1_243' title='bbox 667 1650 809 1704; x_wconf 74' lang='lat' dir='ltr'><strong>cognoscimus,</strong></span> <span class='ocrx_word' id='word_1_244' title='bbox 824 1655 844 1691; x_wconf 89' lang='lat' dir='ltr'><strong>et</strong></span> <span class='ocrx_word' id='word_1_245' title='bbox 858 1650 917 1690; x_wconf 87' lang='lat' dir='ltr'><strong>simul</strong></span> <span class='ocrx_word' id='word_1_246' title='bbox 930 1664 974 1690; x_wconf 92' lang='lat' dir='ltr'><strong>cum</strong></span> <span class='ocrx_word' id='word_1_247' title='bbox 988 1664 1011 1690; x_wconf 90' lang='lat' dir='ltr'><strong>co</strong></span> 
     </span>
     <span class='ocr_line' id='line_1_24' title="bbox 38 1719 989 1774; baseline 0.001 -15"><span class='ocrx_word' id='word_1_248' title='bbox 38 1720 104 1760; x_wconf 84' lang='lat' dir='ltr'><strong>Marci</strong></span> <span class='ocrx_word' id='word_1_249' title='bbox 118 1720 162 1760; x_wconf 93' lang='lat' dir='ltr'><strong>ferc</strong></span> <span class='ocrx_word' id='word_1_250' title='bbox 177 1722 201 1760; x_wconf 90' lang='lat' dir='ltr'><strong>de</strong></span> <span class='ocrx_word' id='word_1_251' title='bbox 215 1722 302 1761; x_wconf 85' lang='lat' dir='ltr'><strong>rebus</strong></span> <span class='ocrx_word' id='word_1_252' title='bbox 289 1721 352 1774; x_wconf 87' lang='lat' dir='ltr'><strong>gestis</strong></span> <span class='ocrx_word' id='word_1_253' title='bbox 366 1721 463 1774; x_wconf 80' lang='lat' dir='ltr'><strong>dictisque</strong></span> <span class='ocrx_word' id='word_1_254' title='bbox 477 1719 528 1760; x_wconf 88' lang='lat' dir='ltr'><strong>Jesu</strong></span> <span class='ocrx_word' id='word_1_255' title='bbox 543 1719 621 1759; x_wconf 78' lang='lat' dir='ltr'><strong>Christi</strong></span> <span class='ocrx_word' id='word_1_256' title='bbox 634 1719 726 1759; x_wconf 91' lang='lat' dir='ltr'><strong>narratio.</strong></span> <span class='ocrx_word' id='word_1_257' title='bbox 988 1757 989 1760; x_wconf 75' lang='grc'>,</span> 
     </span>
    </p>

    <p class='ocr_par' dir='ltr' id='par_1_10' title="bbox 2 1761 1013 2381">
     <span class='ocr_line' id='line_1_25' title="bbox 131 1761 1012 1840; baseline -0.002 -12"><span class='ocrx_word' id='word_1_258' title='bbox 131 1788 208 1828; x_wconf 86' lang='lat' dir='ltr'><strong>Eadem</strong></span> <span class='ocrx_word' id='word_1_259' title='bbox 225 1790 277 1828; x_wconf 90' lang='lat' dir='ltr'><strong>euim</strong></span> <span class='ocrx_word' id='word_1_260' title='bbox 295 1792 326 1827; x_wconf 87' lang='lat' dir='ltr'><strong>cst</strong></span> <span class='ocrx_word' id='word_1_261' title='bbox 340 1788 430 1828; x_wconf 90' lang='lat' dir='ltr'><strong>universi</strong></span> <span class='ocrx_word' id='word_1_262' title='bbox 441 1788 508 1840; x_wconf 89' lang='lat' dir='ltr'><strong>operis</strong></span> <span class='ocrx_word' id='word_1_263' title='bbox 523 1787 642 1827; x_wconf 86' lang='lat' dir='ltr'><strong>conformat</strong></span> <span class='ocrx_word' id='word_1_264' title='bbox 628 1792 667 1838; x_wconf 89' lang='lat' dir='ltr'><strong>t,ro</strong></span> <span class='ocrx_word' id='word_1_265' title='bbox 684 1800 740 1840; x_wconf 90' lang='lat' dir='ltr'><strong>quam</strong></span> <span class='ocrx_word' id='word_1_266' title='bbox 757 1787 778 1825; x_wconf 91' lang='lat' dir='ltr'><strong>in</strong></span> <span class='ocrx_word' id='word_1_267' title='bbox 795 1786 859 1826; x_wconf 85' lang='lat' dir='ltr'><strong>Marci</strong></span> <span class='ocrx_word' id='word_1_268' title='bbox 873 1761 925 1832; x_wconf 83' lang='grc' dir='ltr'>ΜιιΙΙ</span> <span class='ocrx_word' id='word_1_269' title='bbox 917 1787 1012 1840; x_wconf 89' lang='lat' dir='ltr'><strong>thaeique</strong></span> 
     </span>
     <span class='ocr_line' id='line_1_26' title="bbox 38 1854 1012 1908; baseline 0 -15"><span class='ocrx_word' id='word_1_270' title='bbox 38 1855 98 1894; x_wconf 89' lang='lat' dir='ltr'><strong>libris</strong></span> <span class='ocrx_word' id='word_1_271' title='bbox 112 1856 270 1907; x_wconf 79' lang='lat' dir='ltr'><strong>observavimus,</strong></span> <span class='ocrx_word' id='word_1_272' title='bbox 284 1856 354 1906; x_wconf 87' lang='lat' dir='ltr'><strong>incipit</strong></span> <span class='ocrx_word' id='word_1_273' title='bbox 368 1855 494 1905; x_wconf 79' lang='lat' dir='ltr'><strong>aCalilaca,</strong></span> <span class='ocrx_word' id='word_1_274' title='bbox 507 1855 545 1905; x_wconf 85' lang='lat' dir='ltr'><strong>lv,</strong></span> <span class='ocrx_word' id='word_1_275' title='bbox 557 1855 582 1896; x_wconf 81' lang='lat'><strong>14</strong></span> <span class='ocrx_word' id='word_1_276' title='bbox 596 1869 646 1908; x_wconf 79' lang='lat' dir='ltr'><strong>sqq,</strong></span> <span class='ocrx_word' id='word_1_277' title='bbox 659 1854 730 1893; x_wconf 88' lang='lat' dir='ltr'><strong>transit</strong></span> <span class='ocrx_word' id='word_1_278' title='bbox 746 1854 843 1893; x_wconf 92' lang='lat' dir='ltr'><strong>aditer&#39;</strong></span> <span class='ocrx_word' id='word_1_279' title='bbox 838 1869 859 1893; x_wconf 93' lang='grc' dir='ltr'><strong>ιιι</strong></span> <span class='ocrx_word' id='word_1_280' title='bbox 871 1854 1012 1905; x_wconf 84' lang='lat' dir='ltr'><strong>Hierosolyma</strong></span> 
     </span>
     <span class='ocr_line' id='line_1_27' title="bbox 39 1921 1012 1974; baseline -0.001 -13"><span class='ocrx_word' id='word_1_281' title='bbox 39 1928 165 1974; x_wconf 91' lang='lat' dir='ltr'><strong>susceptum,</strong></span> <span class='ocrx_word' id='word_1_282' title='bbox 178 1923 235 1972; x_wconf 91' lang='lat' dir='ltr'>XIII,</span> <span class='ocrx_word' id='word_1_283' title='bbox 250 1923 281 1974; x_wconf 88' lang='lat'><strong>15,</strong></span> <span class='ocrx_word' id='word_1_284' title='bbox 294 1924 315 1962; x_wconf 92' lang='lat' dir='ltr'><strong>in</strong></span> <span class='ocrx_word' id='word_1_285' title='bbox 328 1922 367 1962; x_wconf 88' lang='lat' dir='ltr'><strong>fine</strong></span> <span class='ocrx_word' id='word_1_286' title='bbox 380 1922 431 1963; x_wconf 87' lang='lat' dir='ltr'><strong>Jesu</strong></span> <span class='ocrx_word' id='word_1_287' title='bbox 445 1923 521 1962; x_wconf 79' lang='lat' dir='ltr'><strong>exitum</strong></span> <span class='ocrx_word' id='word_1_288' title='bbox 535 1928 623 1964; x_wconf 87' lang='lat' dir='ltr'><strong>enarrat.</strong></span> <span class='ocrx_word' id='word_1_289' title='bbox 651 1921 692 1961; x_wconf 84' lang='lat' dir='ltr'><strong>Sed</strong></span> <span class='ocrx_word' id='word_1_290' title='bbox 709 1922 730 1960; x_wconf 92' lang='lat' dir='ltr'><strong>id</strong></span> <span class='ocrx_word' id='word_1_291' title='bbox 743 1923 802 1974; x_wconf 86' lang='lat' dir='ltr'><strong>quod</strong></span> <span class='ocrx_word' id='word_1_292' title='bbox 813 1922 956 1974; x_wconf 90' lang='lat' dir='ltr'><strong>interpretibus</strong></span> <span class='ocrx_word' id='word_1_293' title='bbox 969 1921 1012 1974; x_wconf 89' lang='lat' dir='ltr'><strong>ple-</strong></span> 
     </span>
     <span class='ocr_line' id='line_1_28' title="bbox 38 1989 1012 2044; baseline 0.001 -16"><span class='ocrx_word' id='word_1_294' title='bbox 38 1991 108 2043; x_wconf 87' lang='lat' dir='ltr'><strong>risque</strong></span> <span class='ocrx_word' id='word_1_295' title='bbox 122 1995 184 2030; x_wconf 87' lang='lat' dir='ltr'><strong>totam</strong></span> <span class='ocrx_word' id='word_1_296' title='bbox 199 1991 250 2029; x_wconf 90' lang='lat' dir='ltr'><strong>banc</strong></span> <span class='ocrx_word' id='word_1_297' title='bbox 267 2004 358 2029; x_wconf 86' lang='lat' dir='ltr'><strong>caussam</strong></span> <span class='ocrx_word' id='word_1_298' title='bbox 376 1991 496 2042; x_wconf 87' lang='lat' dir='ltr'><strong>obscuravit,</strong></span> <span class='ocrx_word' id='word_1_299' title='bbox 514 1990 591 2041; x_wconf 87' lang='lat' dir='ltr'><strong>Lucas,</strong></span> <span class='ocrx_word' id='word_1_300' title='bbox 608 2003 724 2044; x_wconf 89' lang='lat' dir='ltr'><strong>quamquam</strong></span> <span class='ocrx_word' id='word_1_301' title='bbox 740 1990 805 2029; x_wconf 90' lang='lat' dir='ltr'><strong>veteri</strong></span> <span class='ocrx_word' id='word_1_302' title='bbox 822 1989 950 2030; x_wconf 88' lang='lat' dir='ltr'><strong>fundanrento</strong></span> <span class='ocrx_word' id='word_1_303' title='bbox 967 1991 1012 2042; x_wconf 89' lang='lat' dir='ltr'><strong>ipse</strong></span> 
     </span>
     <span class='ocr_line' id='line_1_29' title="bbox 2 2056 1013 2112; baseline -0.001 -16"><span class='ocrx_word' id='word_1_304' title='bbox 2 2083 8 2097; x_wconf 69' lang='grc' dir='ltr'><strong>ι</strong></span> <span class='ocrx_word' id='word_1_305' title='bbox 39 2071 119 2111; x_wconf 88' lang='lat' dir='ltr'><strong>quoquc</strong></span> <span class='ocrx_word' id='word_1_306' title='bbox 133 2059 213 2097; x_wconf 81' lang='lat' dir='ltr'><strong>innixus</strong></span> <span class='ocrx_word' id='word_1_307' title='bbox 226 2058 283 2098; x_wconf 76' lang='lat' dir='ltr'><strong>viana</strong></span> <span class='ocrx_word' id='word_1_308' title='bbox 294 2072 306 2097; x_wconf 87' lang='lat' dir='ltr'><strong>a</strong></span> <span class='ocrx_word' id='word_1_309' title='bbox 318 2058 387 2097; x_wconf 87' lang='lat' dir='ltr'><strong>Marco</strong></span> <span class='ocrx_word' id='word_1_310' title='bbox 402 2059 469 2097; x_wconf 91' lang='lat' dir='ltr'><strong>initam</strong></span> <span class='ocrx_word' id='word_1_311' title='bbox 483 2072 522 2097; x_wconf 92' lang='lat' dir='ltr'><strong>uon</strong></span> <span class='ocrx_word' id='word_1_312' title='bbox 536 2059 625 2112; x_wconf 85' lang='lat' dir='ltr'><strong>reliquit,</strong></span> <span class='ocrx_word' id='word_1_313' title='bbox 639 2059 659 2098; x_wconf 96' lang='lat' dir='ltr'><strong>in</strong></span> <span class='ocrx_word' id='word_1_314' title='bbox 672 2056 788 2109; x_wconf 83' lang='lat' dir='ltr'><strong>colligendis</strong></span> <span class='ocrx_word' id='word_1_315' title='bbox 802 2061 868 2097; x_wconf 87' lang='lat' dir='ltr'><strong>tamen</strong></span> <span class='ocrx_word' id='word_1_316' title='bbox 877 2057 928 2097; x_wconf 89' lang='lat' dir='ltr'><strong>Jesu</strong></span> <span class='ocrx_word' id='word_1_317' title='bbox 938 2057 1013 2098; x_wconf 83' lang='lat' dir='ltr'><strong>Christi</strong></span> 
     </span>
     <span class='ocr_line' id='line_1_30' title="bbox 40 2124 1013 2179; baseline 0.001 -15"><span class='ocrx_word' id='word_1_318' title='bbox 40 2125 101 2164; x_wconf 87' lang='lat' dir='ltr'><strong>dictis</strong></span> <span class='ocrx_word' id='word_1_319' title='bbox 115 2124 215 2177; x_wconf 84' lang='lat' dir='ltr'><strong>factisque</strong></span> <span class='ocrx_word' id='word_1_320' title='bbox 232 2139 294 2166; x_wconf 87' lang='lat' dir='ltr'><strong>novas</strong></span> <span class='ocrx_word' id='word_1_321' title='bbox 311 2127 379 2178; x_wconf 90' lang='lat' dir='ltr'><strong>copias</strong></span> <span class='ocrx_word' id='word_1_322' title='bbox 392 2126 507 2178; x_wconf 88' lang='lat' dir='ltr'><strong>praeclaras</strong></span> <span class='ocrx_word' id='word_1_323' title='bbox 524 2126 602 2166; x_wconf 89' lang='lat' dir='ltr'><strong>invenit</strong></span> <span class='ocrx_word' id='word_1_324' title='bbox 616 2126 706 2179; x_wconf 90' lang='lat' dir='ltr'><strong>libroque</strong></span> <span class='ocrx_word' id='word_1_325' title='bbox 723 2124 860 2176; x_wconf 86' lang='lat' dir='ltr'><strong>antiquissimo</strong></span> <span class='ocrx_word' id='word_1_326' title='bbox 875 2126 1013 2179; x_wconf 75' lang='lat' dir='ltr'><strong>superstruxit.</strong></span> 
     </span>
     <span class='ocr_line' id='line_1_31' title="bbox 39 2191 1012 2247; baseline 0.001 -17"><span class='ocrx_word' id='word_1_327' title='bbox 39 2191 85 2231; x_wconf 91' lang='lat' dir='ltr'><strong>Non</strong></span> <span class='ocrx_word' id='word_1_328' title='bbox 99 2207 174 2247; x_wconf 85' lang='lat' dir='ltr'><strong>quaero</strong></span> <span class='ocrx_word' id='word_1_329' title='bbox 193 2194 218 2233; x_wconf 90' lang='lat' dir='ltr'><strong>de</strong></span> <span class='ocrx_word' id='word_1_330' title='bbox 231 2193 330 2244; x_wconf 80' lang='lat' dir='ltr'><strong>fontibus,</strong></span> <span class='ocrx_word' id='word_1_331' title='bbox 347 2194 418 2245; x_wconf 88' lang='lat' dir='ltr'><strong>quibus</strong></span> <span class='ocrx_word' id='word_1_332' title='bbox 431 2208 477 2233; x_wconf 83' lang='lat' dir='ltr'><strong>usus</strong></span> <span class='ocrx_word' id='word_1_333' title='bbox 494 2194 531 2244; x_wconf 88' lang='lat' dir='ltr'><strong>sit,</strong></span> <span class='ocrx_word' id='word_1_334' title='bbox 553 2195 600 2246; x_wconf 89' lang='lat' dir='ltr'><strong>quia</strong></span> <span class='ocrx_word' id='word_1_335' title='bbox 613 2194 652 2233; x_wconf 92' lang='lat' dir='ltr'><strong>uisi</strong></span> <span class='ocrx_word' id='word_1_336' title='bbox 671 2207 721 2233; x_wconf 87' lang='lat' dir='ltr'><strong>nova</strong></span> <span class='ocrx_word' id='word_1_337' title='bbox 740 2193 831 2232; x_wconf 84' lang='lat' dir='ltr'><strong>subsidia</strong></span> <span class='ocrx_word' id='word_1_338' title='bbox 851 2207 876 2233; x_wconf 84' lang='lat' dir='ltr'><strong>ex</strong></span> <span class='ocrx_word' id='word_1_339' title='bbox 893 2193 1012 2247; x_wconf 84' lang='lat' dir='ltr'><strong>antiquitate</strong></span> 
     </span>
     <span class='ocr_line' id='line_1_32' title="bbox 40 2260 1013 2314; baseline 0.002 -17"><span class='ocrx_word' id='word_1_340' title='bbox 40 2260 141 2300; x_wconf 86' lang='lat' dir='ltr'><strong>ecclcsiae</strong></span> <span class='ocrx_word' id='word_1_341' title='bbox 151 2260 279 2300; x_wconf 86' lang='lat' dir='ltr'><strong>Christianae</strong></span> <span class='ocrx_word' id='word_1_342' title='bbox 292 2265 372 2314; x_wconf 85' lang='lat' dir='ltr'><strong>reperta</strong></span> <span class='ocrx_word' id='word_1_343' title='bbox 381 2260 460 2310; x_wconf 89' lang='lat' dir='ltr'><strong>fuerint,</strong></span> <span class='ocrx_word' id='word_1_344' title='bbox 473 2261 507 2301; x_wconf 80' lang='lat' dir='ltr'><strong>vix</strong></span> <span class='ocrx_word' id='word_1_345' title='bbox 517 2267 601 2312; x_wconf 90' lang='lat' dir='ltr'><strong>practer</strong></span> <span class='ocrx_word' id='word_1_346' title='bbox 610 2261 735 2301; x_wconf 89' lang='lat' dir='ltr'><strong>coniecturas</strong></span> <span class='ocrx_word' id='word_1_347' title='bbox 746 2261 834 2300; x_wconf 89' lang='lat' dir='ltr'><strong>incertas</strong></span> <span class='ocrx_word' id='word_1_348' title='bbox 844 2260 919 2313; x_wconf 90' lang='lat' dir='ltr'><strong>aliquid</strong></span> <span class='ocrx_word' id='word_1_349' title='bbox 928 2260 1013 2301; x_wconf 89' lang='lat' dir='ltr'><strong>inveniri</strong></span> 
     </span>
     <span class='ocr_line' id='line_1_33' title="bbox 39 2328 662 2381; baseline 0.003 -16"><span class='ocrx_word' id='word_1_350' title='bbox 39 2328 121 2379; x_wconf 89' lang='lat' dir='ltr'><strong>poterit,</strong></span> <span class='ocrx_word' id='word_1_351' title='bbox 135 2330 170 2367; x_wconf 87' lang='lat' dir='ltr'><strong>sed</strong></span> <span class='ocrx_word' id='word_1_352' title='bbox 185 2343 235 2381; x_wconf 90' lang='lat' dir='ltr'><strong>quae</strong></span> <span class='ocrx_word' id='word_1_353' title='bbox 249 2329 351 2368; x_wconf 88' lang='lat' dir='ltr'><strong>nobiscum</strong></span> <span class='ocrx_word' id='word_1_354' title='bbox 365 2329 519 2368; x_wconf 82' lang='lat' dir='ltr'><strong>communicavIt</strong></span> <span class='ocrx_word' id='word_1_355' title='bbox 532 2329 662 2381; x_wconf 89' lang='lat' dir='ltr'><strong>contemplor.</strong></span> 
     </span>
    </p>

    <p class='ocr_par' dir='ltr' id='par_1_11' title="bbox 39 2394 1013 2854">
     <span class='ocr_line' id='line_1_34' title="bbox 133 2394 1012 2449; baseline 0 -16"><span class='ocrx_word' id='word_1_356' title='bbox 133 2394 240 2448; x_wconf 84' lang='lat' dir='ltr'><strong>Hucusque</strong></span> <span class='ocrx_word' id='word_1_357' title='bbox 254 2411 334 2448; x_wconf 87' lang='lat' dir='ltr'><strong>semper</strong></span> <span class='ocrx_word' id='word_1_358' title='bbox 347 2396 385 2435; x_wconf 88' lang='lat' dir='ltr'><strong>iter</strong></span> <span class='ocrx_word' id='word_1_359' title='bbox 398 2395 601 2445; x_wconf 81' lang='lat' dir='ltr'><strong>Hierosolymitanum</strong></span> <span class='ocrx_word' id='word_1_360' title='bbox 615 2398 639 2436; x_wconf 90' lang='lat' dir='ltr'><strong>ab</strong></span> <span class='ocrx_word' id='word_1_361' title='bbox 653 2396 696 2449; x_wconf 88' lang='lat' dir='ltr'><strong>ipso</strong></span> <span class='ocrx_word' id='word_1_362' title='bbox 708 2396 800 2447; x_wconf 86' lang='lat' dir='ltr'><strong>ingressu</strong></span> <span class='ocrx_word' id='word_1_363' title='bbox 811 2398 831 2435; x_wconf 93' lang='lat' dir='ltr'><strong>in</strong></span> <span class='ocrx_word' id='word_1_364' title='bbox 840 2396 909 2436; x_wconf 87' lang='lat' dir='ltr'><strong>urbem</strong></span> <span class='ocrx_word' id='word_1_365' title='bbox 923 2395 1012 2438; x_wconf 80' lang='lat' dir='ltr'><strong>seiunxi-</strong></span> 
     </span>
     <span class='ocr_line' id='line_1_35' title="bbox 40 2463 1011 2516; baseline 0.001 -16"><span class='ocrx_word' id='word_1_366' title='bbox 40 2476 93 2513; x_wconf 77' lang='lat' dir='ltr'><strong>mue,</strong></span> <span class='ocrx_word' id='word_1_367' title='bbox 108 2463 145 2501; x_wconf 88' lang='lat' dir='ltr'><strong>scd</strong></span> <span class='ocrx_word' id='word_1_368' title='bbox 161 2464 178 2500; x_wconf 85' lang='lat' dir='ltr'><strong>si</strong></span> <span class='ocrx_word' id='word_1_369' title='bbox 193 2477 331 2514; x_wconf 88' lang='lat' dir='ltr'><strong>comparamus</strong></span> <span class='ocrx_word' id='word_1_370' title='bbox 345 2464 395 2504; x_wconf 89' lang='lat' dir='ltr'><strong>hacc</strong></span> <span class='ocrx_word' id='word_1_371' title='bbox 411 2465 450 2503; x_wconf 88' lang='lat' dir='ltr'><strong>tria</strong></span> <span class='ocrx_word' id='word_1_372' title='bbox 462 2463 577 2516; x_wconf 81' lang='lat' dir='ltr'><strong>Evangelia</strong></span> <span class='ocrx_word' id='word_1_373' title='bbox 590 2466 642 2504; x_wconf 93' lang='lat' dir='ltr'><strong>intcr</strong></span> <span class='ocrx_word' id='word_1_374' title='bbox 655 2478 687 2515; x_wconf 86' lang='lat' dir='ltr'><strong>se,</strong></span> <span class='ocrx_word' id='word_1_375' title='bbox 706 2464 803 2515; x_wconf 88' lang='lat' dir='ltr'><strong>imprimis</strong></span> <span class='ocrx_word' id='word_1_376' title='bbox 818 2478 844 2504; x_wconf 79' lang='lat' dir='ltr'><strong>err</strong></span> <span class='ocrx_word' id='word_1_377' title='bbox 856 2463 926 2504; x_wconf 86' lang='lat' dir='ltr'><strong>Lucae</strong></span> <span class='ocrx_word' id='word_1_378' title='bbox 943 2476 1011 2502; x_wconf 90' lang='lat' dir='ltr'><strong>narra-</strong></span> 
     </span>
     <span class='ocr_line' id='line_1_36' title="bbox 39 2529 1013 2583; baseline 0.001 -16"><span class='ocrx_word' id='word_1_379' title='bbox 39 2529 96 2569; x_wconf 90' lang='lat' dir='ltr'><strong>tione</strong></span> <span class='ocrx_word' id='word_1_380' title='bbox 110 2544 135 2569; x_wconf 89' lang='lat' dir='ltr'><strong>ea</strong></span> <span class='ocrx_word' id='word_1_381' title='bbox 149 2530 214 2568; x_wconf 86' lang='lat' dir='ltr'><strong>onmia</strong></span> <span class='ocrx_word' id='word_1_382' title='bbox 226 2530 316 2571; x_wconf 86' lang='lat' dir='ltr'><strong>ultimam</strong></span> <span class='ocrx_word' id='word_1_383' title='bbox 330 2536 406 2583; x_wconf 86' lang='lat' dir='ltr'><strong>partem</strong></span> <span class='ocrx_word' id='word_1_384' title='bbox 420 2545 486 2572; x_wconf 91' lang='lat' dir='ltr'><strong>eorum</strong></span> <span class='ocrx_word' id='word_1_385' title='bbox 499 2531 598 2572; x_wconf 91' lang='lat' dir='ltr'><strong>librorum</strong></span> <span class='ocrx_word' id='word_1_386' title='bbox 610 2531 714 2583; x_wconf 86' lang='lat' dir='ltr'><strong>complecti</strong></span> <span class='ocrx_word' id='word_1_387' title='bbox 733 2537 753 2571; x_wconf 91' lang='lat' dir='ltr'><strong>et</strong></span> <span class='ocrx_word' id='word_1_388' title='bbox 769 2532 879 2571; x_wconf 83' lang='lat' dir='ltr'><strong>arctissime</strong></span> <span class='ocrx_word' id='word_1_389' title='bbox 894 2546 936 2571; x_wconf 86' lang='lat' dir='ltr'><strong>curu</strong></span> <span class='ocrx_word' id='word_1_390' title='bbox 949 2531 1013 2569; x_wconf 91' lang='lat' dir='ltr'><strong>histo-</strong></span> 
     </span>
     <span class='ocr_line' id='line_1_37' title="bbox 40 2596 1013 2651; baseline 0.004 -17"><span class='ocrx_word' id='word_1_391' title='bbox 40 2597 72 2635; x_wconf 90' lang='lat' dir='ltr'><strong>ria</strong></span> <span class='ocrx_word' id='word_1_392' title='bbox 92 2602 236 2649; x_wconf 86' lang='lat' dir='ltr'><strong>postremorum</strong></span> <span class='ocrx_word' id='word_1_393' title='bbox 254 2596 305 2638; x_wconf 88' lang='lat' dir='ltr'><strong>Jesu</strong></span> <span class='ocrx_word' id='word_1_394' title='bbox 327 2601 402 2639; x_wconf 90' lang='lat' dir='ltr'><strong>dicrum</strong></span> <span class='ocrx_word' id='word_1_395' title='bbox 422 2600 515 2651; x_wconf 87' lang='lat' dir='ltr'><strong>coniungi</strong></span> <span class='ocrx_word' id='word_1_396' title='bbox 537 2602 611 2641; x_wconf 90' lang='lat' dir='ltr'><strong>debere</strong></span> <span class='ocrx_word' id='word_1_397' title='bbox 634 2599 771 2651; x_wconf 76' lang='lat' dir='ltr'><strong>intelligimus.</strong></span> <span class='ocrx_word' id='word_1_398' title='bbox 800 2599 820 2638; x_wconf 84' lang='lat' dir='ltr'><strong>ls</strong></span> <span class='ocrx_word' id='word_1_399' title='bbox 841 2601 892 2639; x_wconf 89' lang='lat' dir='ltr'><strong>euim</strong></span> <span class='ocrx_word' id='word_1_400' title='bbox 911 2613 923 2637; x_wconf 90' lang='grc' dir='ltr'><strong>ιι</strong></span> <span class='ocrx_word' id='word_1_401' title='bbox 943 2598 1013 2648; x_wconf 88' lang='lat' dir='ltr'><strong>capite</strong></span> 
     </span>
     <span class='ocr_line' id='line_1_38' title="bbox 40 2663 1013 2720; baseline 0 -15"><span class='ocrx_word' id='word_1_402' title='bbox 40 2663 115 2715; x_wconf 85' lang='lat' dir='ltr'>XVIII,</span> <span class='ocrx_word' id='word_1_403' title='bbox 129 2667 154 2706; x_wconf 83' lang='lat'><strong>25</strong></span> <span class='ocrx_word' id='word_1_404' title='bbox 168 2680 230 2720; x_wconf 90' lang='lat' dir='ltr'><strong>usque</strong></span> <span class='ocrx_word' id='word_1_405' title='bbox 244 2667 268 2704; x_wconf 91' lang='lat' dir='ltr'><strong>ad</strong></span> <span class='ocrx_word' id='word_1_406' title='bbox 282 2665 341 2706; x_wconf 90' lang='lat' dir='ltr'><strong>finem</strong></span> <span class='ocrx_word' id='word_1_407' title='bbox 355 2682 399 2707; x_wconf 91' lang='lat' dir='ltr'><strong>cum</strong></span> <span class='ocrx_word' id='word_1_408' title='bbox 412 2666 493 2720; x_wconf 88' lang='lat' dir='ltr'><strong>reliquis</strong></span> <span class='ocrx_word' id='word_1_409' title='bbox 511 2668 604 2708; x_wconf 87' lang='lat' dir='ltr'><strong>universe</strong></span> <span class='ocrx_word' id='word_1_410' title='bbox 621 2667 650 2705; x_wconf 93' lang='lat' dir='ltr'><strong>ita</strong></span> <span class='ocrx_word' id='word_1_411' title='bbox 665 2669 774 2719; x_wconf 88' lang='lat' dir='ltr'><strong>consentit,</strong></span> <span class='ocrx_word' id='word_1_412' title='bbox 787 2672 809 2707; x_wconf 92' lang='lat' dir='ltr'><strong>ut</strong></span> <span class='ocrx_word' id='word_1_413' title='bbox 822 2668 871 2706; x_wconf 91' lang='lat' dir='ltr'><strong>nihil</strong></span> <span class='ocrx_word' id='word_1_414' title='bbox 883 2666 920 2705; x_wconf 89' lang='lat' dir='ltr'><strong>nisi</strong></span> <span class='ocrx_word' id='word_1_415' title='bbox 934 2665 1013 2717; x_wconf 91' lang='lat' dir='ltr'><strong>plenio-</strong></span> 
     </span>
     <span class='ocr_line' id='line_1_39' title="bbox 40 2732 1013 2786; baseline 0.003 -15"><span class='ocrx_word' id='word_1_416' title='bbox 40 2746 84 2772; x_wconf 91' lang='lat' dir='ltr'><strong>rem</strong></span> <span class='ocrx_word' id='word_1_417' title='bbox 98 2735 234 2774; x_wconf 88' lang='lat' dir='ltr'><strong>narrationem</strong></span> <span class='ocrx_word' id='word_1_418' title='bbox 246 2733 332 2773; x_wconf 90' lang='lat' dir='ltr'><strong>redderc</strong></span> <span class='ocrx_word' id='word_1_419' title='bbox 344 2735 431 2775; x_wconf 90' lang='lat' dir='ltr'><strong>voluisse</strong></span> <span class='ocrx_word' id='word_1_420' title='bbox 445 2740 550 2786; x_wconf 88' lang='lat' dir='ltr'><strong>appareat.</strong></span> <span class='ocrx_word' id='word_1_421' title='bbox 580 2735 611 2773; x_wconf 85' lang='lat' dir='ltr'><strong>Ac</strong></span> <span class='ocrx_word' id='word_1_422' title='bbox 628 2736 737 2776; x_wconf 89' lang='lat' dir='ltr'><strong>cohaerere</strong></span> <span class='ocrx_word' id='word_1_423' title='bbox 754 2737 805 2775; x_wconf 91' lang='lat' dir='ltr'><strong>hacc</strong></span> <span class='ocrx_word' id='word_1_424' title='bbox 822 2734 887 2774; x_wconf 88' lang='lat' dir='ltr'><strong>onmia</strong></span> <span class='ocrx_word' id='word_1_425' title='bbox 906 2732 1013 2774; x_wconf 87' lang='lat' dir='ltr'><strong>Johannes</strong></span> 
     </span>
     <span class='ocr_line' id='line_1_40' title="bbox 41 2800 1012 2854; baseline 0.003 -15"><span class='ocrx_word' id='word_1_426' title='bbox 41 2801 104 2841; x_wconf 87' lang='lat' dir='ltr'><strong>etiam</strong></span> <span class='ocrx_word' id='word_1_427' title='bbox 117 2802 258 2854; x_wconf 84' lang='lat' dir='ltr'><strong>osteudit,.qui</strong></span> <span class='ocrx_word' id='word_1_428' title='bbox 271 2814 322 2853; x_wconf 87' lang='lat' dir='ltr'><strong>quae</strong></span> <span class='ocrx_word' id='word_1_429' title='bbox 336 2801 356 2840; x_wconf 92' lang='lat' dir='ltr'><strong>in</strong></span> <span class='ocrx_word' id='word_1_430' title='bbox 370 2803 440 2843; x_wconf 88' lang='lat' dir='ltr'><strong>itinere</strong></span> <span class='ocrx_word' id='word_1_431' title='bbox 454 2803 474 2843; x_wconf 89' lang='lat' dir='ltr'><strong>in</strong></span> <span class='ocrx_word' id='word_1_432' title='bbox 487 2803 564 2844; x_wconf 80' lang='lat' dir='ltr'><strong>Lazari</strong></span> <span class='ocrx_word' id='word_1_433' title='bbox 578 2804 636 2842; x_wconf 86' lang='lat' dir='ltr'><strong>domo</strong></span> <span class='ocrx_word' id='word_1_434' title='bbox 650 2802 706 2844; x_wconf 85' lang='lat' dir='ltr'><strong>facta</strong></span> <span class='ocrx_word' id='word_1_435' title='bbox 720 2805 768 2853; x_wconf 90' lang='lat' dir='ltr'><strong>sint,</strong></span> <span class='ocrx_word' id='word_1_436' title='bbox 785 2805 805 2843; x_wconf 91' lang='lat' dir='ltr'><strong>in</strong></span> <span class='ocrx_word' id='word_1_437' title='bbox 819 2801 921 2841; x_wconf 86' lang='lat' dir='ltr'><strong>consilium</strong></span> <span class='ocrx_word' id='word_1_438' title='bbox 935 2800 1012 2842; x_wconf 87' lang='lat' dir='ltr'><strong>Judae-</strong></span> 
     </span>
    </p>
   </div>
   <div class='ocr_carea' id='block_1_3' title="bbox 0 0 1066 3193">
    <p class='ocr_par' dir='ltr' id='par_1_12' title="bbox 0 0 1066 3193">
     <span class='ocr_line' id='line_1_41' title="bbox 0 0 1066 3193; baseline 0 0"><span class='ocrx_word' id='word_1_439' title='bbox 0 0 1066 3193; x_wconf 95' lang='lat' dir='ltr'><strong> </strong></span> 
     </span>
    </p>
   </div>
  </div>
 </body>
</html>
