2113 3193
55 143 85 187 14

52 265 144 304 Inseruit.
171 265 220 303 Nara
235 277 259 302 ea
272 263 338 301 omnia
354 263 379 300 ad
393 262 496 301 Christum
513 262 585 303 referri
600 263 684 313 debere,
701 264 733 316 qui
747 262 791 314 ipse
808 276 860 315 quae
874 261 940 302 Vetus
953 263 1026 303 Testa-

53 339 141 372 mentum
155 330 262 370 deMessia
271 331 355 379 dixerat,
369 343 418 369 snae
431 331 486 370 vltae
501 336 572 371 eventu
586 331 714 382 comprobata
728 335 747 369 et
756 336 799 369 rata
809 330 864 369 facta
875 343 919 369 esse
929 336 1026 370 monstra-

53 399 115 448 verit,
129 399 197 450 negari
211 398 283 449 neqult.
319 396 384 436 Simul
396 412 445 438 vero
459 402 480 438 et
494 400 595 439 orationes
611 399 711 450 longiores
729 403 749 437 et
764 398 871 449 parabolas
887 397 983 448 plurimas
1000 399 1026 437 ad

54 467 155 506 docendos
169 463 295 505 Christianos
306 465 432 517 aptissimas,
445 480 497 519 quae
514 471 548 505 aut
560 467 622 519 ipsius
637 470 670 503 aut
687 466 768 504 aliorum
786 480 812 505 ex
826 465 924 505 relatione
938 470 1027 516 noverat,

55 534 113 574 nobis
126 534 234 572 tradendas
248 533 331 573 curavit.

145 600 177 639 De
191 600 277 652 singulis
290 614 354 653 pauca
366 601 501 639 tantummodo
515 600 593 640 addam.
616 598 639 637 Irr
652 600 712 639 rebus
723 600 747 639 de
756 598 797 639 vita
811 605 897 639 externa
907 600 992 652 proditis
1002 614 1027 639 aa

53 668 151 720 imprimis
160 668 242 707 maximi
252 672 298 707 sunt
306 667 405 716 momenti,
417 680 469 719 quae
479 668 504 705 de
511 665 562 705 Jesu
571 667 690 720 genealogia
698 673 718 707 et
725 671 775 717 ortrr,
785 668 810 706 de
820 680 924 719 magorum
934 669 1026 718 adventu,

53 735 103 788 fuga
116 735 137 774 in
146 735 267 788 Aegyptum,
280 735 344 774 reditu
358 733 378 771 irr
387 735 473 784 patriam
487 735 556 773 rrrbem
566 739 677 786 narrantrrr,
691 748 742 788 quae
755 735 800 786 ipsa
810 748 889 788 quoque
903 736 950 787 quid
959 740 1027 787 poste*

53 803 119 842 riores
134 802 243 842 Christiani
257 802 379 853 cognoscere
393 802 562 851 desideraverint,
576 803 653 842 docent.
680 801 722 842 Sed
736 807 781 841 sunt
793 807 900 855 praeterea
913 816 950 854 per
963 808 1025 842 totum

51 869 125 910 librrrrn
139 869 374 909 nonnullaaddItameuta
387 869 453 919 obvia,
467 882 523 921 quae>
533 869 595 909 facile
609 870 716 910 discernas.
735 869 808 909 Statim
823 871 848 910 ab
858 870 916 909 initio
930 871 981 910 enim
992 871 1026 909 do·

52 938 149 977 micilium
158 937 208 976 Jesu
217 936 237 974 iu
247 934 372 988 Gapcrnanm
384 937 455 975 rrrbem
464 937 583 976 translatum
597 950 641 977 esse
655 937 704 976 dicit
712 938 771 989 idque
781 951 807 977 ex
815 943 885 977 vetere
894 937 1026 978 Testamenta

54 1004 158 1045 coufirmat
171 1003 209 1054 lv,
217 1002 241 1043 13
253 1002 290 1054 (ct.
304 1005 366 1044 Marc.
375 1003 403 1054 II,
419 1004 458 1057 ll).
472 1003 549 1043 Postea
562 1005 694 1044 narrationem
709 1006 733 1045 de
747 1010 821 1045 statere
835 1006 856 1044 in
870 1019 905 1044 ore
919 1006 982 1056 piscis
995 1018 1026 1044 rc-

53 1077 111 1124 perto
125 1070 198 1122 XVII,
212 1071 306 1122 arr-27,
320 1073 344 1112 de
358 1072 438 1111 homine
453 1085 518 1111 caeco
530 1076 550 1111 et
564 1073 587 1111 de
601 1076 654 1110 muto
669 1074 752 1121 sanatis,
767 1072 806 1121 IX,
820 1073 855 1120 27,
874 1073 945 1125 quibus
959 1073 1026 1112 allatis

53 1139 128 1178 similia
142 1152 193 1191 quae
206 1138 287 1178 Marcus
301 1139 351 1189 VII,
367 1139 459 1180 32-37.
475 1138 532 1189 VIII,
549 1140 632 1179 22-26
646 1144 761 1180 narraverat
781 1140 853 1180 omisIt.
881 1140 992 1180 Praeterea
1005 1140 1026 1179 irr

52 1207 169 1246 narratione
184 1208 208 1246 de
222 1211 284 1245 morte
298 1212 318 1246 ct
330 1207 479 1246 resurrectione
493 1206 550 1258 plrrra
564 1211 584 1245 et
597 1208 680 1247 mutavit
694 1213 713 1247 et
727 1208 822 1248 adiunxit.

146 1273 168 1312 In
183 1288 207 1313 ea
219 1288 267 1313 vero
278 1279 332 1326 parto
346 1288 397 1325 quae
411 1276 436 1313 ad
451 1274 561 1313 doctrinam
570 1274 663 1327 pertinet,
676 1275 857 1328 novaseirrrrgimrrs
871 1274 940 1325 facile,
954 1280 974 1314 et
988 1289 1026 1326 qna

53 1342 132 1382 ratione
145 1356 170 1381 ea
183 1341 280 1380 similibus
294 1341 402 1391 addiderit,
416 1341 552 1392 intelligimus.
570 1341 600 1380 Ita
613 1342 646 1380 ubi
655 1342 733 1381 Marcus
743 1342 831 1383 dixerat:
845 1345 877 1382 καὶ
890 1342 1027 1394 ἐξεπλήσσοντο

52 1413 85 1449 καὶ
98 1412 119 1461 τῇ
133 1409 201 1466 διδαχῇ
214 1408 283 1448 αὐτοῦ·
296 1408 319 1462 ἦν
331 1408 367 1461 χάρ
381 1409 478 1450 droctovee
492 1409 562 1456 αὐτοὺς
575 1408 601 1456 οἷς
618 1409 705 1456 ἐξουσίαν
718 1410 766 1460 ἔχων
778 1413 810 1448 καῖ
823 1410 858 1460 οὐχ
871 1409 897 1455 ὠς
911 1409 929 1448 oi
938 1423 1026 1460 γραμμα-

53 1483 90 1522 τεῖς
104 1476 125 1527 I,
140 1478 175 1527 22,
189 1490 214 1516 aa
226 1477 288 1517 verba
299 1476 414 1516 Matthaeus
428 1491 467 1516 rron
482 1478 570 1528 repetiit,
583 1476 609 1516 cf.
622 1475 670 1525 vlt,
683 1477 715 1528 28,
728 1477 759 1528 ab,
773 1478 812 1516 uisi
826 1476 918 1516 oratione
932 1481 1026 1515 nrontana

52 1545 172 1596 praemissa,
186 1559 212 1583 ex
227 1558 265 1596 qua
274 1544 342 1597 quales
352 1558 388 1583 cae
398 1545 500 1583 orationes
509 1544 602 1594 fuissent,
612 1544 682 1596 quibrrs
691 1548 744 1583 totus
752 1545 838 1596 popalus
846 1549 887 1583 tarn
897 1544 1026 1584 vehementer

54 1616 164 1652 commotus
174 1616 240 1662 esset,
254 1612 403 1664 iutelligeretur.
432 1611 511 1651 Deinde
528 1613 562 1651 nbi
576 1612 656 1651 Marcus
670 1611 742 1650 dictum
755 1611 806 1651 Jesu
819 1611 907 1651 rettulit:
921 1612 989 1651 πολλοὶ
1005 1611 1028 1650 δέ

52 1679 129 1719 ἔσονται
141 1682 218 1731 πρῶτον,
231 1679 313 1729 ἔσχατοι·
328 1683 359 1718 καὶ
372 1678 449 1728 ἔσχατοι
461 1683 532 1730 πρῶτοι
541 1679 569 1730 X,
576 1679 607 1728 31,
617 1678 730 1718 Matthaeus
740 1678 778 1717 hoc
787 1679 852 1731 ipsrrm
862 1679 936 1730 posuit,
946 1681 982 1718 sed
991 1679 1026 1718 ad-

54 1747 97 1786 dita
105 1747 202 1798 parabola
208 1746 275 1797 XX,1
286 1746 394 1798 explicavit
403 1760 467 1799 eaque
477 1747 521 1798 ipsa
529 1748 592 1787 verba
600 1745 709 1798 parabolae
718 1747 738 1785 in
747 1745 785 1785 fine
794 1748 866 1786 iterum
877 1746 1025 1797 collocavitlb.

54 1814 148 1854 Taurubi
159 1814 358 1866 irrterrogatusJesus
365 1813 439 1864 fuerat,
446 1828 484 1866 qna
494 1819 595 1866 potestate
605 1813 699 1852 sibidata
706 1818 780 1865 ageret,
787 1828 852 1867 neque
860 1815 909 1853 certi
918 1815 1025 1867 quidquam

55 1882 172 1921 Pharisaeis
185 1883 324 1933 responderat:
338 1882 436 1932 erunibus,
450 1895 500 1933 quae
510 1882 591 1921 Marcus
602 1881 686 1931 dixerat,
700 1886 791 1921 accurate
800 1882 893 1933 repetitis
908 1881 933 1921 ct.
943 1882 981 1933 XI,
994 1882 1027 1930 33,

53 1950 122 2001 pergit
135 1949 250 1988 Matthaeus
263 1954 283 1988 et
296 1939 412 2002 parabolam
426 1950 496 1988 adiicit
509 1949 569 2000 XXI,
582 1949 614 1989 28.
636 1947 681 1987 Jam
696 1950 713 1988 si
726 1948 806 1988 Marcus
820 1950 897 2002 pergit:
911 1954 943 1988 καὶ
955 1951 1025 2002 ἤρξατο

54 2017 119 2064 αὐτοῖς
128 2017 148 2055 ἓν
157 2017 277 2068 παραβολαῖς
284 2018 348 2067 λέγειν,
362 2016 411 2067 XII,
426 2016 444 2067 l,
457 2017 571 2057 Matthaeus
580 2016 650 2057 Jesrrnr
664 2016 761 2056 dIceutern
771 2017 830 2057 facit:
838 2016 905 2069 Ἄλλην
914 2017 1027 2069 παραβολὴν

53 2084 152 2130 ἀκούσατε,
167 2085 295 2136 eandemque,
309 2098 366 2139 qnaur
376 2084 457 2124 Marcus
470 2086 580 2138 proposrrit,
594 2083 670 2133 adiicit,
683 2097 734 2136 quac
748 2098 806 2136 quum
819 2084 876 2123 linita
889 2083 958 2134 fuerit,
972 2084 1025 2122 Mar-

54 2155 90 2191 cns
104 2152 140 2190 ait:
155 2155 186 2190 aed
199 2151 274 2203 ἐζήτουν
287 2152 347 2192 αὐτὸν
359 2154 459 2203 κρατῆσαι,
472 2155 503 2190 καῖ
517 2153 642 2204 ἐφοβήθησαν
658 2150 692 2190 τὸν
705 2151 768 2201 ὄχλον·
783 2152 869 2201 ἔγνωσαν
882 2151 923 2202 reip,
937 2152 968 2190 ὅτι
977 2150 1026 2202 πρὸς

53 2218 125 2265 aceede
138 2220 170 2271 τὴν
183 2220 294 2272 παραβολὴν
307 2222 347 2259 siaa
360 2222 391 2257 καὶ
408 2219 489 2271 ἀφέντες
502 2219 562 2259 adeda
575 2218 665 2271 ἀπῆλθον
677 2218 729 2269 XII,
747 2219 781 2270 123
795 2218 912 2258 Matthaeus
925 2232 981 2268 vero,
994 2223 1025 2257 ael

54 2285 170 2332 ἀκούσαντες
183 2285 201 2325 oi
216 2286 305 2338 ἀρχιερεῖς
318 2289 349 2326 καὶ
362 2285 381 2324 oi
393 2292 493 2338 φαρισαῖοι
506 2288 539 2339 τὴν
552 2285 664 2336 παραβολὴν
677 2285 737 2326 αὐτοῦ
750 2286 845 2334 ἔγνωσαν,
862 2286 891 2324 ἔτι
904 2288 948 2336 περὶ
962 2286 1026 2326 αὐτοῖν

52 2353 108 2401 λέγει.
131 2356 169 2391 Καὶ
185 2354 280 2405 ζητοῦντες
292 2354 354 2394 αὐτόν
367 2356 468 2406 κρατῆσαι,
482 2354 605 2407 ἐφοβήθησαν
614 2352 648 2391 τὸν
660 2353 726 2403 ἔχλον·
741 2353 805 2405 ἐπειδὴ
818 2352 844 2399 οἷς
856 2354 956 2405 προφήτην
971 2356 1025 2403 εἶχον,

53 2420 114 2471 XXI,
128 2420 160 2469 45,
173 2422 205 2471 lb,
220 2434 244 2460 ac
258 2422 323 2460 statim
337 2421 413 2474 pergit:
427 2424 466 2459 Καὶ
480 2420 589 2473 ἀποκριθεὶς
607 2419 617 2460 ὃ
630 2424 697 2471 Ιησοῦς
709 2421 768 2459 πάλιν
781 2422 834 2459 εἶπεν
847 2420 913 2466 αὐτοῖς
926 2421 947 2459 ἐν
960 2435 1026 2470 παρα-

53 2488 120 2538 βολαῖς
133 2487 201 2536 leym,
213 2488 282 2540 XXII,
297 2490 319 2540 1,
336 2503 387 2542 quae
404 2488 583 2528 additamentornur
601 2487 687 2526 indolem
704 2493 744 2527 tarn
761 2494 830 2539 aperte
848 2502 897 2541 prae
916 2502 938 2527 se
952 2487 1025 2537 ferunt,

54 2561 76 2595 ut
90 2556 182 2595 drrbitare
196 2569 252 2595 nemo
266 2562 330 2610 queat.

147 2623 267 2662 Accedimus
277 2626 302 2663 ad
311 2624 440 2676 Evangelium
451 2623 527 2672 Lucae,
540 2625 592 2676 quod
606 2623 623 2661 si
638 2622 662 2660 ab
673 2622 754 2661 exordio
763 2623 884 2675 incipientes
897 2621 1025 2674 perlegimus,

55 2693 96 2728 toto
111 2691 168 2730 coelo
183 2696 204 2730 et
218 2690 338 2731 aMattlraeo
353 2691 433 2731 differre
449 2696 469 2731 ct
483 2705 495 2729 a
508 2690 577 2731 Marco
591 2691 687 2732 videmus.
708 2689 727 2729 ls
741 2691 792 2730 enirn
806 2691 894 2741 scriptor
907 2703 947 2728 norr
961 2691 1024 2729 solum

57 2757 82 2795 de
95 2759 178 2798 consilio
192 2772 229 2798 suo
243 2756 368 2811 fontibusque
378 2760 478 2810 exposuit,
491 2758 602 2812 librumque
616 2772 671 2797 surrnr
685 2760 747 2799 amieo
762 2758 870 2807 dedicavit,
885 2760 937 2809 quod
950 2762 1025 2796 utrum-

55 2837 94 2876 qne
108 2813 184 2866 illorum
197 2832 308 2879 temporum
322 2840 333 2865 e
347 2827 490 2866 consuetudine
504 2827 608 2876 hauserat,
625 2826 661 2864 serl
677 2827 772 2878 peculiari
787 2827 872 2879 quadam
886 2826 980 2865 narrandi
995 2824 1025 2864 fa-
