2113 3193
34 146 65 189 24

35 266 109 307 Secum
123 267 182 318 igitur
197 265 242 304 illos
260 265 357 312 habehat,
373 270 395 304 ut
408 264 448 303 Dei
462 264 665 318 Jesuque-miraeula
681 266 721 306 suis
739 266 800 306 oculis
817 267 1008 321 contemplarentur3

36 335 108 375 deinde
125 336 149 373 ad
164 332 260 372 ecclesias
274 332 338 383 misit,
356 337 377 372 ut
395 333 433 385 ipsi
451 333 526 373 similia
537 334 669 386 perficerent,
689 339 747 386 atque
764 335 783 373 in
803 334 828 373 iis
845 334 1007 375 administrandis

35 400 154 453 Apostolum
167 413 204 452 pro
218 399 269 439 uirili
284 403 341 452 parte
356 403 482 452 adjuvarent:
498 403 606 454 deniquesi
616 404 692 456 quando
702 402 780 441 occasio
790 402 879 450 daretur,
892 402 1008 442 absentibus

36 468 131 521 epistolas
145 467 233 520 scripsit,
247 467 320 520 quibus
335 482 370 508 eos
381 468 528 520 adhortaretur,
542 475 600 521 atque
611 470 631 507 in
641 468 727 508 futurum
737 470 788 510 vitae
802 474 882 520 tempus
895 470 1009 521 praeceptis

36 536 155 577 necessariis
163 536 278 586 instrueret,
291 541 313 575 ut
327 536 344 574 si
361 538 408 589 quid
422 536 501 574 humani
514 548 585 587 passus
599 539 659 584 esset,
673 534 709 573 soli
723 536 763 574 suis
776 537 852 576 viribus
866 537 929 575 adeo
944 537 1009 576 auctis

35 605 65 644 rei
78 603 169 656 publicae
184 600 312 643 Christianae
326 603 471 656 promovendae
488 615 569 653 operam
583 603 658 642 darent.
685 601 734 641 Hac
744 602 778 643 via
791 603 934 642 Marcusoum
947 603 1008 643 Petro

36 669 212 720 coniunctusfuit3
227 669 353 719 Timotheus,
367 669 433 717 Titus,
446 667 514 707 Lucas
528 682 554 708 ex
564 669 621 708 Pauli
635 670 689 720 quasi
704 670 772 709 schola
785 672 870 721 quadam
883 670 1008 722 prodierunt:

35 753 116 793 quorum
130 752 179 791 quos
192 737 257 789 primo
271 742 292 776 et
304 736 372 775 ultimo
385 735 430 775 loeo
443 736 549 788 nominavi,
559 737 638 777 lllareus
648 742 668 776 et
676 736 742 776 Lucas
751 736 900 789 Apostolorum,
913 738 1009 789 imprimis

35 808 93 847 Pauli
112 805 225 858 exemplum
242 803 314 855 secuti,
334 816 373 842 non
390 801 453 842 solum
470 804 531 855 στόμα
544 805 592 858 πρὸς
605 805 672 855 στόμα,
689 809 710 843 ut
723 804 827 844 dohenues
841 804 879 855 ait,
897 806 1008 844 sedetiam

36 875 71 914 aaa
83 877 154 928 χάρτου
167 876 199 913 καὶ
210 872 293 922 μέλανος
306 861 365 919 (Joh.
378 869 442 923 Epist.
456 870 481 910 Il.
497 871 551 924 12),
567 872 617 912 Jesu
630 871 806 925 Apostolorumque
826 871 886 911 rebus
904 872 1007 912 enarratis

4 952 7 959 “
37 943 79 983 dei
90 943 183 981 honorem
200 939 333 994 celebrarunt.
363 938 396 977 Ita
415 941 460 976 orta
480 943 526 978 sunt
542 940 616 991 scripta
631 939 745 992 Evangelia.
784 939 843 979 Unde
860 952 911 992 quae
927 943 1007 979 veteres

37 1009 177 1061 Evangelistae
187 1006 316 1058 praestitere,
325 1018 382 1057 quum
392 1009 426 1044 aut
436 1006 461 1044 ab
471 1005 573 1058 Apostolis
586 1007 641 1047 missi
655 1011 688 1045 aut
699 1007 740 1046 hoc
748 1021 830 1046 munere
840 1006 865 1045 ah
875 1006 962 1046 ecclesia
970 1007 1007 1046 sibi

36 1077 110 1117 tradito
126 1076 178 1115 ultro
197 1075 288 1114 diuersas
306 1073 358 1112 orbis
374 1078 473 1112 terrarum
493 1072 586 1125 regiones
604 1075 682 1114 adirent
700 1073 836 1127 Christumque
856 1074 1008 1125 praedicarent:

37 1149 80 1197 ejus
93 1146 123 1184 rei
136 1134 244 1195 imaginem
253 1141 333 1180 claram
347 1144 368 1179 et
381 1140 505 1193 perspicuam
520 1142 640 1194 accepimus,
657 1155 706 1194 quae
719 1147 781 1181 totam
794 1141 933 1194 posteritatem
946 1154 1008 1193 usque

37 1216 69 1254 ad*
77 1213 166 1252 ultimum
181 1208 248 1249 iudicii
263 1208 313 1247 diem
328 1206 382 1246 alere
397 1212 418 1246 ct
432 1208 506 1247 nutrire
520 1210 599 1259 poterit.

511 1384 538 1430 V.

128 1491 151 1530 si
165 1490 251 1531 omnium
261 1486 402 1528 historicorum
416 1498 511 1525 summmn
526 1485 669 1526 officinmesse
679 1491 762 1537 constat,
775 1486 849 1539 ubique
858 1499 907 1526 vera
916 1487 1008 1539 prodere,

37 1574 101 1613 neque
115 1549 293 1610 unquammeutiri
310 1558 345 1593 aut
361 1554 382 1592 in
400 1553 503 1592 hominum>
514 1553 634 1606 singulorum
648 1553 735 1594 favorem
748 1554 781 1595 vel
793 1556 889 1606 probrum
903 1554 1009 1607 quidquam

38 1629 106 1668 dicere
123 1631 156 1665 aut
173 1622 274 1663 omittere:
293 1620 409 1660 Christiano
427 1621 522 1660 historico
539 1621 670 1673 nihilmagis
686 1622 787 1673 iudignum
805 1627 846 1673 est,
863 1635 922 1673 quam
938 1622 956 1660 si
969 1635 1009 1662 non

37 1696 88 1736 satis
101 1693 182 1742 caverit,
195 1703 221 1729 ue
230 1698 287 1742 'quae
301 1689 369 1727 minus·
379 1691 436 1727 certa
448 1692 493 1726 sunt
507 1693 527 1727 ct
541 1693 599 1728 extra
612 1689 754 1728 dubitationem
762 1691 829 1741 posita
837 1690 911 1738 tradat,
924 1697 974 1729 neve·
983 1690 1009 1729 ab

38 1763 91 1803 omni
108 1763 138 1801 ira
155 1764 175 1799 et
192 1758 258 1797 studio
274 1760 339 1795 totum
357 1769 379 1794 se
392 1754 495 1795 cohibeat.
522 1756 589 1810 Atque
603 1756 693 1795 homines
709 1769 743 1795 eos
757 1769 802 1795 esse
816 1769 854 1795 „90
869 1756 893 1794 ab
908 1756 1009 1796 erroribus

36 1831 122 1879 liberos,
139 1840 198 1881 quum
212 1839 248 1876 per
262 1838 284 1863 se
297 1823 432 1874 intelligatur,
448 1821 497 1861 illud
514 1837 574 1863 unum
588 1823 728 1875 prohibendum
742 1828 782 1874 est,
796 1823 904 1876 'quominus
918 1824 1008 1863 consulto

36 1898 91 1938 falsa
103 1898 189 1949 prodere
203 1906 242 1932 non
256 1892 395 1943 dedignentur.
417 1888 478 1928 Falsa
491 1892 633 1931 autemornnie
642 1895 693 1939 sunt,
707 1888 901 1942 equibushistorioi
911 1892 1009 1930 sententia

38 1981 77 2007 non
90 1970 132 2005 tota
145 1960 278 2015 cognoscitur.
305 1959 374 1997 Lucas
386 1969 433 1997 vero
443 1955 573 2009 Evangelista
586 1959 603 1998 si
615 1958 754 1997 historicorum
767 1959 901 2010 pessimorum
912 1958 1009 1997 rationem

38 2034 143 2086 amplexus
157 2032 218 2078 esset,
233 2028 265 2080 qui
275 2026 361 2066 Paulum
374 2024 406 2064 vel
418 2022 519 2064 Christum
532 2027 599 2077 potius
613 2039 707 2064 summum
722 2027 824 2065 doctorem
839 2026 915 2076 habuit,
930 2026 954 2065 dc
967 2029 1010 2064 tota

37 2104 76 2142 hac
91 2105 132 2139 arte
146 2096 237 2151 prolecto
252 2093 398 2146 desperandum
413 2097 472 2133 essct.

128 2166 181 2206 Hinc
195 2163 268 2211 evenit,
281 2167 302 2200 ut
316 2162 341 2199 de
355 2158 438 2199 oonsilio
447 2158 517 2199 Lucae
531 2162 551 2199 iu
560 2160 617 2200 Actis
627 2160 768 2212 Apostolorum
782 2160 896 2200 scribendis
905 2160 1009 2211 proposito

38 2238 115 2276 ornnino
133 2248 171 2273 nou
188 2245 234 2271 esse
255 2229 389 2281 quaerendum
407 2225 497 2279 plerique
511 2233 625 2278 censerent,
642 2230 732 2280 quoniam
750 2228 841 2266 historici
859 2226 948 2266 officium
965 2242 1009 2267 sau-

39 2304 148 2344 ctissimum
162 2302 186 2340 ab
201 2313 225 2338 eo
239 2294 354 2349 susceptum
369 2307 421 2342 esse,
436 2293 535 2335 ecclesiae
548 2296 657 2347 primordia
669 2296 736 2349 qualia
748 2295 824 2334 fuerint
838 2295 934 2346 docendi,
948 2309 1009 2348 appa.

37 2376 99 2412 reret.
120 2370 192 2408 Nostra
201 2380 249 2407 uero
259 2369 333 2413 aetate,
346 2375 396 2414 quae
410 2360 462 2400 tales
476 2365 603 2415 quaestiones
612 2364 692 2413 maximi
703 2377 748 2402 csse
757 2364 853 2414 ponderis
862 2362 919 2413 vidit,
933 2364 1011 2403 exstitit

39 2424 265 2486 Sohuealtenburgerus,
279 2432 312 2485 qui
326 2431 346 2469 in
360 2429 412 2468 lihro
426 2428 530 2480 peculiari,
544 2444 607 2483 eoque
620 2430 669 2469 sutis
683 2430 748 2482 amplo
762 2431 903 2483 doctrinaeque
918 2436 938 2470 et
952 2444 1010 2482 saga.

38 2507 106 2547 citatis
125 2503 238 2556 plenissimo
256 2506 297 2539 tam
314 2504 394 2537 strenue
412 2495 451 2533 hoc
469 2496 493 2534 de
512 2499 594 2537 consilio
609 2502 774 2537 cornmcntaretur
788 2498 866 2550 (Ueber
881 2500 919 2537 [len
934 2497 1009 2538 ZWssok

40 2578 75 2615 dcr
89 2569 302 2625 Apostelgesclrichte,
315 2567 368 2606 Beru
384 2562 449 2613 1841.)
463 2568 485 2601 ut
499 2566 541 2614 ejus
556 2568 671 2617 conjectura
684 2565 794 2629 theologis,
808 2567 842 2619 qui
856 2565 944 2604 maxime
957 2565 1010 2605 inter

40 2658 61 2682 se
76 2642 175 2681 dissidere
189 2636 259 2686 solent,
272 2635 295 2675 F.
306 2635 342 2675 Ch.
356 2630 432 2672 Baurio
447 2629 499 2681 (Der
508 2633 592 2685 Apostel
601 2632 682 2682 Paulus,
695 2646 713 2684 p.
728 2633 774 2686 951,
787 2634 813 2674 Η,
823 2632 946 2673 Τῂῑριιςρῂῑο
961 2633 1009 2685 (Die

40 2709 116 2749 Kirchc
130 2703 314 2757 imapostolisolren
322 2700 427 2748 Zeitaltcr,
436 2712 455 2749 p.
467 2699 527 2750 l2l.),
540 2701 567 2741 ll.
577 2701 730 2751 Baumgarteuio
744 2701 793 2752 (Die
802 2700 1009 2752 Apostclgeschiehte

41 2776 75 2825 Il.,
89 2780 112 2827 1,,
125 2777 163 2825 93„
172 2770 234 2822 5911),
247 2769 285 2809 Ed,
292 2769 378 2808 Reussio
389 2766 437 2819 [Die
447 2765 570 2808 Geschichte
581 2771 617 2807 der
626 2767 672 2807 hcil.
682 2766 783 2808 Schriften
793 2768 864 2807 Neueu
874 2767 1008 2809 Testamenta.

41 2844 61 2897 ξ.
76 2844 133 2893 201),
145 2829 182 2882 Ed.
194 2839 280 2880 Zellero
295 2835 341 2887 (Dic
351 2833 551 2885 Apostelgeschichte
566 2837 584 2874 iu
599 2836 661 2874 ihrem
672 2834 737 2874 lnlralt
751 2837 789 2875 und
804 2835 910 2888 Ursprung
924 2835 1007 2874 lrritisch
