2113 3193
38 145 68 188 30

37 270 120 305 coactns
133 270 183 316 erat,
197 265 269 317 quibus
283 265 379 316 singulae
392 267 520 306 narrationes
536 267 589 307 inter
606 281 627 306 se
644 267 813 319 coniungerentur,
840 267 949 320 Utrumque
960 263 1005 320 ,huf

17 372 18 377 ,
39 347 74 373 ons
87 333 141 382 fecit,
154 335 176 370 ut
189 331 235 382 ipsa
247 331 294 371 libri
308 331 373 371 forma
386 333 593 374 faei1e5=aem0nsnan
621 335 686 374 omnia
698 348 753 386 vero,
767 335 873 386 hispancis
883 337 1005 377 additamen-

41 396 67 438 tis
76 411 126 450 quae
140 399 245 437 transitum
259 404 355 450 pararent
363 403 466 455 ‘exceptis
474 417 554 456 semper
561 404 633 442 eodem
642 415 683 454 =quo
693 416 717 442 ea
726 403 769 454 ipse
778 402 861 454 saepius
875 403 1005 455 nuntiaverat,

40 467 98 506 modo
112 466 204 517 instituit,
218 466 247 505 ita
262 471 338 506 utnon
352 473 394 508 tam
401 471 523 510 scribentem
533 469 681 519 legere5qnam
695 470 764 509 audire
778 470 880 520 dieenternz
890 471 1003 511 debeamus.

39 534 94 577 auca
112 546 177 572 nonne
194 534 308 574 clarissime
318 536 402 587 ‘elneet,
418 538 451 576 nbi
469 537 576 575 subitone
590 534 664 572 monito
678 536 756 585 quidem
774 537 863 577 auditore
880 537 914 576 illa
932 538 1006 591 simpli·

38 603 99 640 citate
121 615 177 652 usus,
197 616 249 655 quae
264 608 379 642 narrantem
393 604 479 641 maxime
493 603 561 650 decet,
575 614 597 639 se
610 601 649 640 iter
662 601 778 641 facientibus
792 605 901 644 admiscetl
914 604 960 644 Hoc
969 606 1006 656 =qni

34 669 131 720 tenuerit,
145 668 230 708 liberum
245 684 268 709 se
282 684 294 708 a
304 670 404 709 sexcentis
419 668 526 718 erroribus,
540 668 560 706 in
573 682 622 720 qnos
633 670 699 709 critici
713 669 829 721 inciderunt,
843 673 936 722 servabit,
949 686 1006 724 prae·

38 737 107 776 sertim
120 737 154 776 nbi
168 736 227 776 simul
238 737 365 788 cogitauerit,
379 750 403 775 eo
417 741 507 788 tempore
517 749 559 788 =quo
578 749 647 775 omnes
664 737 684 775 in
702 745 767 776 terrae
784 742 851 790 partes
868 739 918 778 Jesn
935 753 1005 780 nomen

40 803 149 856 ferebatur,
162 817 221 842 unum
236 803 334 842 hominem
349 804 386 842 toti
401 804 498 842 eeclesiae
512 804 608 852 historiae
622 804 736 843 satisfacere
745 818 788 843 ,non
802 806 897 857 potuisse.
920 806 952 846 Ad
961 807 1006 848 Ste-

38 871 99 923 phani
115 872 166 910 enirn
181 876 264 909 mortem
272 869 419 919 Hierosolymis
434 870 534 910 eeclesiae
548 873 607 911 sedes
615 871 687 923 fuerat,
700 885 739 924 qua
752 872 800 911 urbe
809 887 821 910 a
831 874 921 924 plurimis
931 875 1006 927 relicta,

38 938 106 977 Lucas
120 938 169 976 alias
183 951 219 976 nos
233 938 253 976 in
267 941 335 976 terrae
349 938 442 988 regiones
457 938 511 977 dneit
524 944 551 990 et,
569 940 614 991 quia
630 939 714 978 Paulum
731 940 870 991 comitabatur,
884 954 928 979 eam
944 942 1006 981 histo-

38 1007 80 1044 riae
91 1009 167 1056 partem
181 1018 220 1043 non
235 1010 276 1043 tam
291 1005 329 1043 sibi
343 1005 412 1056 elegit,
426 1019 486 1058 quam
498 1006 552 1046 ritae
566 1020 640 1057 genere
654 1006 692 1045 sibi
706 1008 819 1045 mandatam
829 1008 912 1059 accepit,
926 1022 975 1059 quae
985 1010 1005 1048 in

39 1084 96 1110 enine
111 1068 181 1111 aerrdnr
194 1072 314 1123 gravissima
327 1071 370 1113 fnit.
405 1071 506 1114 Historias
520 1073 578 1124 enirn,
591 1087 630 1112 non
644 1074 745 1113 historiam
759 1074 843 1125 scripsit.

122 1138 197 1178 neele
211 1139 347 1191 intelligimus,
361 1141 483 1180 nniversein
492 1142 626 1179 narratIonum
644 1142 697 1181 serie
706 1141 782 1180 Lucam
792 1142 850 1180 simul
864 1147 883 1181 et
897 1147 1006 1194 temporum

37 1211 59 1245 et
72 1207 160 1245 locorum
171 1208 272 1247 rationem
281 1207 386 1246 imbuisse.
401 1208 429 1247 Ut
451 1213 517 1247 antem
531 1209 551 1246 in
560 1207 677 1260 Evangeliis
691 1209 729 1247 hoe
742 1207 815 1247 factum
830 1214 870 1259 est,
883 1210 912 1249 ita
921 1211 973 1249 idenr
986 1211 1007 1250 in

37 1273 97 1313 Actis
110 1274 252 1326 Apostolorum
267 1274 361 1326 recurrit,
375 1289 421 1314 narn
431 1277 543 1315 indicantur
555 1276 635 1327 quidem
641 1278 739 1328 tempora,
752 1276 787 1315 sed
801 1276 852 1315 solet
865 1278 950 1330 scriptor
963 1280 1006 1318 nni-

37 1339 96 1381 verse
110 1342 138 1380 ita
151 1341 195 1381 fere
209 1342 272 1394 loqui:
285 1345 318 1380 καὶ
331 1342 352 1381 ἐν
365 1350 407 1390 ταῖς
420 1343 496 1396 ἡμέραις
513 1343 591 1388 ταύταις
604 1342 629 1392 [l.
639 1343 690 1394 ¹15.],
704 1345 724 1383 ἐν
742 1344 764 1382 δὲ
781 1351 822 1390 ταῖς
837 1342 913 1395 ἡμέραις
929 1347 1007 1391 ταύταις

37 1407 81 1459 (Vl.
90 1409 122 1459 ¹1.)
137 1409 169 1448 ubi
183 1410 209 1448 ad
222 1423 274 1450 nova
282 1410 361 1449 transit.
384 1409 484 1450 Locorum
497 1415 564 1448 tamen
577 1409 636 1462 longe
650 1412 763 1450 aecnratius
776 1410 870 1451 meminit.
893 1411 1006 1452 Discedens

37 1476 89 1515 enirn
103 1477 155 1528 qnod
167 1475 230 1516 Jesus
244 1477 336 1516 edixerat
347 1476 371 1528 (l.
385 1477 414 1529 8),
427 1482 458 1517 καὶ
471 1478 537 1517 ε”σεσθέ
548 1491 581 1528 μοι
589 1479 682 1529 μάρτυρες
695 1479 716 1517 ἔν
730 1493 749 1516 τε
755 1477 873 1529 ῑἸερουσαλὴμ
885 1482 916 1517 καί
925 1478 946 1517 ἓν
955 1481 1006 1536 calep

36 1547 58 1599 τῇ
68 1543 152 1593 Ἰουδαία
165 1547 197 1582 καὶ
210 1546 308 1595 Σαμαρείᾳ
322 1547 354 1582 καί
367 1544 403 1591 ἔοις
416 1546 493 1596 ἐσχάτου
507 1547 538 1596 τῆς
551 1547 589 1596 γῆς,
598 1545 648 1583 dum
663 1545 747 1596 apostoli
761 1544 848 1595 farciunt,
865 1545 915 1585 alias
929 1559 1007 1597 semper

37 1613 97 1651 urbes
118 1612 155 1650 sibi
176 1611 259 1663 eligunt,
279 1612 332 1651 inter
353 1625 403 1665 quas
422 1612 517 1663 imprimis
530 1611 642 1662 Caesarea,
658 1612 776 1661 Antioc-hia,
789 1612 887 1663 Ephesis,
901 1612 1006 1652 liminibus

37 1679 103 1718 Roma
111 1679 241 1719 nominantur.
256 1678 285 1736 >ld
295 1693 335 1731 qua
344 1680 422 1719 ratione
432 1679 505 1718 faetnm
515 1680 542 1718 sit
551 1680 596 1718 dnm
605 1679 673 1718 Lucas
683 1681 748 1728 tradit,
762 1680 801 1718 iam
811 1681 856 1719 ideo
865 1681 935 1719 media
948 1681 968 1719 in
977 1681 1006 1719 hi-

35 1747 98 1786 storia
105 1746 215 1786 consistere
223 1746 307 1798 cogitur,
315 1747 362 1800 qnia
369 1747 535 1799 qunmseriberet,
546 1747 606 1786 edieti
612 1747 666 1786 illius
673 1746 1005 1800 uereperlieiendiprimumtantnm

37 1816 95 1853 modo
105 1814 182 1853 initium
191 1813 267 1853 factum
277 1819 329 1854 erat:
337 1815 392 1853 unde
401 1815 440 1854 hae
450 1829 475 1854 ex
485 1828 556 1854 omissa
566 1829 663 1867 apparere
673 1814 763 1865 diximus,
773 1829 808 1854 eur
814 1815 865 1854 liber
874 1818 917 1866 eins
927 1815 1005 1867 epilogo

33 1887 112 1921 eareat.
132 1881 225 1920 (leterani
235 1882 268 1921 hie
278 1882 323 1932 ipse
333 1882 429 1921 historiae
439 1896 502 1921 nexus
512 1886 533 1921 ut
542 1896 579 1933 per
592 1897 615 1922 se
629 1881 747 1935 intelligitur
759 1883 813 1921 nullo
823 1884 881 1921 modo
895 1888 961 1922 aratus
975 1889 1006 1923 est

36 1949 166 2001 pernrisitqne
183 1949 282 2001 scriptori,
297 1954 318 1988 ut
332 1963 367 2000 pro
383 1950 463 1988 arbitrio
479 1963 528 2002 [puae
543 1951 581 1989 sibi
594 1950 707 1990 viderentur
719 1954 752 1988 ant
764 1951 848 1989 adderet
857 1955 892 1989 ant
901 1951 1006 1991 omitteret.

127 2015 173 2055 Jam
187 2017 204 2055 si
222 2030 269 2056 vere
290 2021 312 2055 ut
330 2017 416 2055 diximus
438 2017 505 2057 ereas
522 2018 611 2069 singulos
627 2018 751 2056 narrationes
768 2031 841 2069 easque
858 2031 896 2057 non
913 2024 1006 2058 accurate

37 2085 89 2123 inter
103 2098 124 2123 se
139 2085 270 2123 cohaerentes
284 2085 396 2136 proposuit,
410 2085 517 2125 verisimile
531 2090 571 2136 est,
589 2086 609 2123 in
626 2085 710 2136 partium
727 2085 856 2124 commissura
870 2091 889 2125 et
901 2100 1006 2138 compage,

37 2152 71 2190 ubi
87 2151 152 2205 aliqua
165 2152 279 2191 narratione
292 2150 350 2190 finita
364 2165 414 2191 nova
428 2152 506 2204 incipit,
524 2153 560 2191 hoe
574 2153 632 2191 nobis
644 2154 780 2204 appariturum
795 2166 844 2192 esse.
871 2153 901 2192 Ae
913 2152 1004 2204 profecto

35 2219 103 2258 Lucas
117 2220 157 2258 hoe
171 2219 225 2258 nulla
238 2220 257 2257 in
271 2219 318 2258 libri
333 2223 390 2270 parte
405 2220 514 2259 occultavit.
537 2219 634 2272 Superest
648 2224 711 2259 antem
729 2220 794 2268 luens,
812 2221 844 2258 ubi
862 2221 958 2260 neminem
974 2221 1006 2260 dn-

37 2300 85 2338 gere
100 2287 166 2338 potnit.
193 2286 237 2329 auo
252 2286 304 2325 enirn
315 2286 356 2325 loeo
364 2286 422 2325 Pauli
437 2292 456 2326 et
466 2287 571 2327 Barnabae
580 2287 658 2326 itineris
666 2288 806 2339 Hierosolyma
819 2287 868 2326 facti
882 2289 976 2338 meminit,
982 2294 1006 2329 et

37 2356 62 2393 ad
73 2354 158 2393 'alterum
174 2355 224 2404 iter,
241 2356 293 2405 quod
308 2354 418 2407 Apostolus
435 2359 517 2407 uterque
535 2357 560 2394 arl
577 2355 662 2407 gentiles
678 2355 776 2405 suscepit,
793 2368 814 2393 se
828 2356 935 2397 convertit:
952 2357 1007 2408 prior

37 2420 123 2461 narratio
136 2421 208 2471 finitur,
221 2422 323 2474 posterior
337 2422 409 2474 incipit
422 2422 447 2461 ab
462 2422 493 2461 his
506 2425 582 2463 verbis:
596 2422 639 2462 Xll.
653 2423 684 2463 25.
697 2420 752 2462 Xlll.
768 2422 784 2461 1.

127 2484 231 2540 Βαρνάβας
245 2490 267 2528 δὲ
279 2494 312 2528 καί
321 2490 402 2536 Παῦλος
414 2488 535 2545 ὑπέστρεψαν
549 2493 569 2539 ἐξ
578 2491 703 2542 Ἰερουσαλήμ,
717 2489 845 2540 πληρώσαντες
858 2491 891 2542 την
902 2492 1006 2537 διακονίαν,

37 2556 217 2608 συμπαραλαβόντες
230 2561 261 2596 καὶ
271 2557 362 2609 ‘aaaron
375 2558 410 2597 τὸν
423 2557 546 2608 ἐπικληθέντα
556 2560 644 2608 Μάρκον.

125 2623 186 2662 Ἦσαν
202 2624 224 2661 δέ
235 2638 284 2670 τινες
297 2625 318 2663 ἐν
326 2625 429 2675 Ἀντιοχείᾳ
442 2624 491 2663 nard
505 2625 537 2677 τὴν
550 2626 611 2666 ούσαν
625 2624 720 2675 ἐκκλησίαν
734 2628 829 2676 προφῆται
841 2627 873 2662 καὶ
886 2624 1004 2673 διδάσκαλοι,

40 2693 56 2735 ὃ,
69 2706 88 2730 τε
101 2691 209 2743 Βαρνάβας
221 2694 252 2727 καί
264 2693 349 2741 Συμεών,
363 2691 373 2733 ὁ
387 2692 504 2742 καλούμενος
516 2696 578 2743 Νίγερ,
592 2696 623 2731 καὶ
635 2692 719 2739 Λούκιος
733 2691 743 2732 ὅ
757 2695 868 2744 Κυρηναῖος,
881 2694 966 2743 Μαναήν
980 2707 1005 2738 τε,

35 2755 119 2808 Ἡραίύοο
132 2761 167 2797 τού
175 2758 278 2810 τετράρχου
293 2759 402 2811 σύντροφος,
411 2763 443 2798 καὶ
451 2759 531 2805 Σαῦλος.
544 2759 711 2811 Λειτουργούντων
724 2761 746 2799 δὲ
759 2758 822 2798 αὐτῶν
835 2762 861 2812 τῴ
873 2762 928 2813 κυρίῳ
937 2760 974 2799 κτλ.

120 2825 184 2866 flacc
198 2826 215 2865 si
231 2838 270 2865 non
285 2839 311 2864 ex
325 2826 408 2878 singulis
422 2826 570 2866 narrationibus
584 2832 628 2866 orta
644 2828 679 2866 sed
696 2842 734 2867 uno
751 2833 820 2867 tenore
835 2827 900 2866 onmia
914 2841 925 2865 a
939 2840 1003 2868 rerum
