2113 3193
984 140 1014 185 23

46 261 94 301 llum
108 271 188 298 severas
201 257 263 309 ipsius
277 257 361 295 hominis
375 257 432 307 leges
447 259 545 309 susceptis
558 258 611 310 fieri,
625 260 713 311 pericula
725 259 806 299 vita-'mla
820 258 904 300 auxisse
918 259 978 299 uideo
992 267 1013 301 et

47 324 187 378 ³umplilicasse.
213 323 273 363 Talia
289 328 356 363 antem
377 337 424 371 num
443 320 662 377 occultanturmelius,
681 338 737 378 quam
751 328 878 379 aperiuntur?
891 341 931 367 non
943 328 1017 380 magis,

46 394 114 443 orello,
129 398 187 445 quani
201 390 327 452 scriptoribus
341 392 406 430 sacris
419 391 525 431 visnmcst
538 392 594 443 ipsis,
608 394 676 444 quihus
690 408 715 442 ea
728 395 789 434 oculis
803 396 876 434 nostris
890 396 1013 436 subtrahere

46 475 86 501 non
99 460 182 512 placuit,
196 472 233 497 nec
246 462 319 510 quanta
328 457 387 497 Pauli
397 463 429 500 est
437 459 507 510 virtus,
516 464 563 510 eget
577 460 611 499 ille
624 459 658 498 tali
673 462 809 513 occultatione,
821 477 846 502 nc
860 463 912 503 inter
926 465 1015 517 gentiles

45 529 126 580 (pridem
140 531 233 567 excusata
247 530 280 565 urit
293 529 414 567 excusanda.
442 527 483 567 Seu
497 529 523 566 ile
537 541 560 567 se
573 527 618 579 ipse
632 523 662 576 [i.
676 526 723 566 Oor.
735 527 750 567 l'.
764 529 795 578 31,
807 529 832 570 ll.
847 529 926 579 1-4);
940 531 952 572 ὅ
966 546 1016 571 καυ-

46 597 134 647 χοίμενος,
151 594 171 633 ἕν
180 597 235 648 κυρίιμ
251 595 361 643 καυχάσθωι
378 594 436 644 Kaira)
450 590 519 635 elaea
530 595 578 646 πρὸς
590 593 652 646 iliada,
668 594 758 646 αδελφοί,
768 593 836 646 ’ἦλθον
852 596 875 636 οὐ
889 601 938 638 καθ’1
951 599 1013 652 ὕπερ-

47 663 92 715 oppa
104 663 161 712 λόχου
174 663 186 714 ἢ
199 665 267 714 σοφίας
279 660 410 709 καταγγέλλων
422 656 468 712 ὑμῖν
481 663 502 702 τὸ
515 663 619 714 μαρτύριον
632 665 667 701 τοῦ
679 665 734 701 θεοῦ,
752 665 753 672 ’
771 659 799 700 oi
807 661 842 713 χεὶρ
856 662 920 715 ἔκρινα
933 681 951 704 τι
965 667 1014 705 εἰδέ-

46 733 79 768 ναι
92 730 113 769 ἓν
125 729 175 781 alpia
188 729 205 767 εί
216 729 240 780 μὴ
250 728 321 780 Ἰησοῦν
333 726 423 780 Χριστὸν,
437 731 469 767 καὶ
481 732 550 768 τοῦτον
563 724 725 781 εὀταυριυμένονζ·
743 732 782 768 Καί
795 728 830 778 ε’χιί
844 730 864 769 ἓν
877 730 969 783 ἀσθενείᾳ
982 737 1015 773 καὶ

47 798 68 836 ἓν
81 798 135 850 φόβῳ
148 797 212 835 καίει
225 796 286 848 τρόμῳ
299 795 363 849 πολλῷ
377 795 468 847 ἐγενόμην
480 796 527 847 πρὸς
540 795 596 847 ὑμᾶς,
614 797 654 848 ait,
662 796 687 836 cf.
701 796 724 837 ll.
740 796 773 837 lo:
785 797 814 837 12,
830 801 850 836 et
864 796 889 837 ΙΙ,
904 797 949 841 Gor.
963 800 1017 842 XIL

47 863 127 905 5-10:
143 864 199 914 Ὑπὲρ
216 866 252 902 τοῦ
263 863 349 900 τοιούτου
360 863 486 913 ’καυχήσομαα
500 858 551 914 ὑπὲρ
561 863 583 901 δὲ
596 863 680 914 ἐμαυτοῦ
693 863 716 902 οὐ
729 865 853 916 καυχήσομαι,
871 866 888 903 εἰ
900 865 926 917 μὴ
939 866 960 905 ἓν
973 874 1014 914 ταῖς

46 931 154 976 ἀσθενείαις
171 936 214 981 μου.
235 930 283 970 uecta
298 929 335 980 χιίρ
348 929 423 980 θελήσαι
437 931 577 981 καυχήσασθαι,
593 930 626 970 οὔκ
642 930 710 982 ε”σομαι
723 931 797 983 ι’ίφριαν·
811 930 906 971 ἄλυθειοιν
919 933 956 984 χολρ
970 934 1013 985 ἐροί-
1041 943 1045 950 '

46 989 136 1050 φείδομαι
149 997 219 1048 θερμαί
235 1013 262 1043 τις
278 998 304 1042 είς
320 996 352 1046 ἐμὲ
368 996 464 1047 λογίσηται
480 994 530 1046 ὑπὲρ
546 997 557 1035 ὅ
569 998 631 1047 βλέπει
644 1008 667 1049 με
690 1000 703 1050 ἢ
719 997 783 1036 οίκυιίει
796 1008 813 1036 τι
827 998 849 1045 ἐξ
862 998 914 1049 ἐμοῦ.
942 1005 981 1040 Καὶ
994 1005 1015 1058 τῇ

46 1064 139 1120 ὑπερβολῇ
154 1067 193 1103 ’τῶν
209 1064 351 1120 ἀποκαλύψεων
368 1068 401 1103 ἵνα
417 1064 443 1115 μὴ
459 1062 597 1115 ὑπεραίρωμαι,
614 1064 676 1117 ἐδόθη
689 1080 722 1116 μοι
739 1065 846 1122 σκόλοψ-τῇ
859 1070 919 1117 σαρκὶ,
933 1069 1015 1117 ἄγγελος

46 1137 106 1172 σατυίν
118 1137 150 1171 ἵνα
163 1145 186 1182 με
198 1130 294 1186 κολαφίζῃ,
311 1135 343 1170 ἵνα
359 1132 384 1184 μὴ
394 1128 538 1182 ’ὑπεραίρωμαι
562 1130 619 1183 Υπὲρ
629 1133 701 1171 ’τούτου
714 1135 753 1184 τρὶς
765 1132 799 1171 τον
811 1133 875 1183 κύριον
888 1135 1014 1186 παρεκάλεσα,

45 1204 77 1238 ἵνα
91 1200 167 1254 οἷποστῇ,
176 1198 207 1238 ἀπ’
222 1199 274 1249 ἐμοί’
286 1202 317 1237 καί
330 1200 391 1249 εἴρηκέ
401 1210 443 1248 μοι’
457 1195 546 1249 υἷρκείσοι
556 1197 628 1250 ἡχυίρις
637 1210 678 1249 μου·
688 1199 699 1252 ἦ
708 1196 749 1250 γὰρ
756 1199 836 1250 δύναμίς
844 1212 881 1249 μου
890 1200 911 1240 ἐν
920 1201 1014 1252 ἀσθενείᾳ

46 1267 154 1307 τελειοῦται.
190 1266 269 1305 Ἥδιστα
286 1264 321 1304 οὖν
336 1265 411 1316 μᾶλλον
427 1267 548 1315 καυχυίσομαι
565 1265 586 1302 ἐν
601 1272 642 1311 ταῖς
659 1266 766 1312 ἀσθενείαις
783 1280 829 1316 μου,
849 1269 880 1304 ίνα
897 1267 1011 1324 ἐπισκηνώσῃ

46 1334 76 1373 ἐπ’
88 1334 119 1385 ἐμὲ
132 1333 143 1386 ἡ
157 1334 237 1384 δυ’ναμις
250 1335 285 1372 τοῦ
296 1335 387 1382 Χριστοῦ.

135 1400 193 1439 Haec
209 1401 226 1439 si
243 1413 290 1440 ruere
307 1400 410 1451 disputata
426 1404 480 1447 sunt,
498 1405 536 1438 non
551 1405 582 1439 cst
595 1414 676 1450 caussa,
690 1414 724 1439 cur
737 1400 828 1439 mirabile
844 1400 902 1439 nohis
919 1401 1015 1451 videatur,

46 1470 97 1520 ,quoni
111 1469 129 1506 in
140 1467 216 1508 Vetere
225 1467 356 1507 Testameuto
370 1467 404 1506 uel
417 1467 490 1506 heroes
503 1467 566 1518 ipsos,
580 1468 675 1520 imprimis
684 1467 781 1507 Jao'ohum
796 1472 816 1507 el
826 1467 925 1508 Davidem
940 1482 1015 1508 summa

45 1537 66 1575 in
79 1540 162 1589 peccato
176 1535 269 1574 incidisse
282 1533 375 1586 legimus.
402 1533 440 1573 Est
453 1535 506 1574 enim
519 1535 558 1582 hoc
572 1535 753 1574 historiaesaerae
769 1536 881 1588 proprium,
902 1536 957 1588 quod
970 1537 1015 1575 (lum

46 1604 78 1644 dci
92 1604 174 1656 gloriam
187 1602 297 1655 praedicat,
310 1600 374 1640 libero
383 1607 424 1641 ore
438 1602 538 1641 hominum
551 1616 630 1642 errores
644 1602 737 1654 castigat:
751 1616 813 1655 eaque
830 1604 908 1643 ratione
918 1602 1015 1655 profanae

45 1672 140 1711 historiae
158 1669 402 1721 exemplumproposuit,
423 1670 476 1721 quoti
490 1669 536 1721 illa,
557 1670 574 1708 si
591 1670 651 1709 timor
667 1670 765 1710 hominum
782 1670 848 1710 animo
864 1684 904 1710 non
921 1670 1016 1709 radicitus

46 1739 144 1790 evellitur,
159 1751 256 1789 nunquam
270 1737 340 1776 endem
354 1737 463 1777 severitate
476 1737 570 1789 consequi
582 1738 663 1789 poterit.
682 1738 722 1777 uhi
735 1742 800 1777 antem
813 1751 864 1790 pura
877 1738 898 1777 in
913 1739 972 1777 {lemn
986 1741 1017 1777 cst

46 1808 121 1859 pictas,
138 1805 170 1845 uhi
188 1808 263 1844 castum
277 1803 329 1844 'vitae
344 1805 472 1845 severitatem
488 1808 532 1843 toto
546 1810 629 1860 pectore
643 1806 732 1845 homines
745 1809 851 1857 expetunt,
874 1805 908 1844 nbi
925 1805 1015 1845 similitu-

47 1874 112 1913 dinem
129 1874 161 1913 uei
174 1886 222 1913 vere
235 1876 345 1911 sectantur:
363 1872 391 1911 ihi
412 1872 475 1911 solum
489 1870 585 1922 efficitur,
602 1877 624 1912 ut
640 1887 678 1913 nec
694 1877 780 1912 nostram
796 1873 877 1913 laudem
894 1874 1016 1913 celebratam

47 1942 115 1980 amlire
127 1940 233 1993 possimus,
246 1953 283 1978 nec
297 1944 378 1991 praeter
392 1941 451 1979 deum
465 1938 591 1979 Christumve
605 1953 721 1993 quemquam
734 1953 746 1978 a
758 1940 844 1980 uitiiset
858 1941 949 1992 peccatis
963 1941 1016 1992 cogi-

45 2011 89 2048 ta'rc
102 2009 192 2055 liberum,
203 2007 276 2046 nedum
286 2007 392 2059 appellare
405 2007 437 2046 fas
451 2020 495 2046 esse
510 2007 652 2048 existimemus.
676 2007 747 2056 Οὐδεὶς,
762 2008 789 2046 ait
797 2007 889 2048 Christus
903 2009 954 2060 ipsc,
968 2008 1017 2057 dya-

47 2076 88 2122 ooo,
102 2076 119 2114 ei
131 2075 155 2126 μὴ
169 2074 194 2121 εἷς
207 2073 218 2114 ὃ
231 2075 283 2120 θεός.
310 2074 382 2115 Matth.
397 2074 457 2114 XIX.
472 2074 502 2114 17.

69 2143 71 2145 ’
136 2143 169 2181 An
182 2143 233 2182 hacc
242 2141 314 2181 clarius
322 2143 462 2195 perspicientia
470 2140 545 2180 Christi
556 2147 576 2181 ct
589 2143 676 2182 doctrina
690 2147 709 2181 ct
721 2141 761 2182 vita
769 2155 818 2194 opus
833 2147 882 2193 orat,
896 2157 908 2181 a
916 2155 953 2195 quo
961 2155 1017 2180 sauc-

45 2216 87 2249 tum
101 2211 139 2249 hoc
153 2224 223 2249 murras
238 2215 308 2249 sacrae
322 2210 420 2249 historiae
435 2207 577 2260 aruplificatum
594 2216 630 2251 est.
655 2211 686 2249 Ac
700 2210 715 2248 si
736 2211 755 2249 in
776 2210 872 2249 ecclesiae
888 2208 1017 2248 Christianae

46 2277 160 2328 primoriliis
174 2278 206 2317 dei
221 2279 274 2316 (lona
287 2280 307 2317 ct
322 2276 420 2316 beneficia
433 2278 562 2328 (χαρίσματα)
578 2278 649 2318 diversi
664 2278 742 2328 generis
753 2281 798 2316 orta
807 2292 852 2317 esse
861 2277 955 2328 legimus,
968 2290 1017 2329 ιμιιιε

47 2344 152 2383 corriuncta
166 2346 218 2385 inter
231 2359 252 2384 se
267 2345 387 2396 olfecerunt,
405 2349 427 2384 ut
440 2343 550 2397 principem
565 2344 655 2384 Christus
671 2345 691 2383 in
708 2344 755 2383 orbe
769 2350 866 2384 terrarum
880 2345 948 2384 locum
962 2358 1018 2384 occu-

47 2416 113 2465 paret:
127 2412 178 2450 inter
193 2411 396 2464 eaEvangelistarum
411 2412 471 2452 ctiam
485 2424 556 2451 munus
570 2427 645 2453 surnmo
656 2412 727 2463 gaunilo
737 2418 840 2465 acceptum
851 2417 891 2463 est3
905 2418 926 2452 ct
935 2412 1019 2464 piurima

46 2480 94 2532 πρὸς
111 2479 212 2530 οἰκοδομὴν
228 2482 263 2518 τοιί
279 2482 368 2531 σώματος·
381 2482 417 2520 τοῦ
433 2482 517 2530 Χριστοῦ
536 2480 628 2528 contulit;
649 2492 709 2531 qumc
723 2479 797 2519 Paulus
810 2480 863 2519 'illud
877 2479 1019 2532 Apostolorum

45 2549 106 2586 morlo
121 2552 140 2587 et
153 2546 295 2599 prophetarum
309 2548 425 2599 provinciae
439 2549 561 2599 postposuit,
577 2549 602 2587 all
615 2547 689 2598 Ephes,
702 2546 740 2588 IV.
756 2548 785 2589 11,
812 2547 909 2588 Dubitare
922 2560 960 2586 uon
974 2561 1021 2598 pos-

48 2623 125 2667 sumus,
143 2615 190 2668 quin
206 2614 296 2665 Apostoli
310 2630 380 2655 omncs
398 2629 448 2668 prae
462 2615 536 2654 ceteris
554 2617 599 2655 huic
615 2614 643 2653 rei
657 2614 758 2655 'summam
772 2615 902 2666 impcmlcriut
918 2628 987 2653 curam
1001 2620 1023 2655 et

46 2682 171 2734 ¹diligentiam
190 2688 210 2722 ct
227 2683 243 2721 si
258 2695 315 2733 quem
328 2683 392 2722 rumim
407 2682 483 2722 Paulus
496 2683 624 2722 θεοδίὸιικτον
637 2683 770 2734 repperisset,
787 2683 833 2722 huic
847 2682 929 2732 muneri,
948 2686 969 2719 ut
982 2683 1022 2736 ipsi

47 2751 161 2800 videbatur,
182 2764 220 2789 non
237 2750 342 2801 imparem,
363 2764 408 2790 eum
427 2750 494 2802 quovis
511 2752 571 2789 ruodo
593 2750 616 2787 nu
634 2763 676 2788 rem
695 2750 749 2790 felici
767 2763 859 2789 successu
877 2748 1022 2801 perficiendam

50 2819 208 2869 praeparaverit.
238 2817 306 2869 Neque
324 2818 363 2857 hoc
382 2819 422 2858 alio
443 2818 513 2868 morlo,
535 2831 592 2871 quam
609 2829 646 2868 quo
664 2817 724 2858 Jcsus
741 2832 787 2858 usus
805 2820 857 2867 crat,
876 2815 919 2855 fieri
937 2822 1023 2870 poterut.
