2113 3193
126 261 230 300 Enarrauit
243 258 296 298 enim
309 258 438 307 Thucydides
451 258 525 298 bellum
537 258 736 312 Peloponnesiacum,
748 259 769 298 in
782 273 832 312 quo,
844 264 867 299 ut
878 264 947 299 notum
961 265 1000 312 est,

34 333 120 385 primum
134 326 246 379 exemplum
259 326 384 378 proponitur,
398 339 437 380 qua
450 327 528 367 ratione
542 328 645 367 historiam
658 327 717 367 scribi
731 330 827 378 oporteat.
848 326 891 370 Quo
905 328 926 366 in
939 327 999 378 libro,

34 411 86 451 quae
103 395 186 448 singulis
205 394 262 434 annis
278 393 335 433 facta
351 399 406 445 sunt,
422 394 574 450 diligentissime
592 408 705 448 summaque
720 394 832 435 referuntur
855 408 912 445 cura,
931 395 961 434 ita
976 399 999 434 ut

32 476 163 518 quaecunque
177 463 248 502 adres
262 465 331 514 gestas
344 461 486 515 intelligendas
499 463 612 502 necessaria
625 467 671 501 1111
683 476 708 502 ea
720 463 785 502 omnia
797 463 928 514 reperiantur.
950 460 999 502 Jam

33 547 81 575 vero
95 531 113 570 si
126 529 268 582 Aristophanis
283 530 399 570 comoedias
412 530 518 569 evolvimus
536 534 556 568 11
568 541 618 579 quae
632 529 729 568 derebus
743 531 805 581 gestis
818 535 879 581 poeta
891 529 925 569 1111
939 530 999 569 etde

34 599 120 652 singuiis
135 597 250 637 hominihus
268 611 319 650 quos
332 598 402 636 irridet
415 596 491 647 attigit,
507 608 551 633 cum
564 593 683 643 Thucydide
701 609 847 648 comparamus,
864 597 931 650 plura,
947 609 999 648 quae

34 668 122 707 comicus
135 670 238 718 tamquam
252 666 322 704 summi
335 662 429 702 momenti
443 666 463 700 11
475 661 569 713 ponderis
583 663 743 704 commemoravit
761 669 781 704 et
798 677 810 704 a
826 666 897 718 quibus
914 656 1000 703 salutem

35 740 69 775 aut
85 733 197 787 perniciem
214 732 300 773 civitatis
316 729 407 780 repetiit,
423 728 552 778 Thucydides
569 742 649 780 prorsus
666 732 741 770 intacta
757 731 844 785 reliquit.
870 731 915 774 Qua
931 733 957 771 dc
970 745 1001 781 11,

34 804 69 855 qui
83 803 109 842 11
123 799 265 851 Aristophanis
278 797 387 837 comoediis
401 797 528 847 quaestiones
541 797 650 847 instituunt,
663 797 737 837 frustra
751 812 811 852 saepe
825 800 851 838 ad
859 798 1001 847 Thucydidem

35 871 124 910 animum
133 870 252 909 conuertunt.
274 863 348 903 Notum
357 868 394 916 111,
408 864 476 914 quanti
489 864 584 904 momenti
594 878 617 904 ea
630 865 695 904 omnia
709 866 754 916 sint,
767 880 818 920 quae
832 868 858 906 ad
867 865 1001 915 Mitylenaeos

36 939 146 991 pertinent,
166 947 249 986 quorum
267 932 372 972 historiam
392 931 543 971 accuratissime
559 931 688 981 Thucydides
708 933 766 972 nobis
786 934 899 986 prcpcsuit;
920 934 957 973 sed
974 946 1001 972 111

36 1003 147 1045 Aristotele
165 1001 260 1040 discimus
278 1013 346 1039 earum
358 1012 434 1049 rerum,
452 1013 503 1052 quae
516 999 561 1052 ipsa
573 999 594 1039 in
607 1001 655 1041 urbe
668 1000 832 1049 Mitylenaecrum
846 1004 904 1054 gesta
917 1001 966 1051 1111,
980 1004 1002 1040 11

37 1086 64 1112 ex
77 1070 148 1125 quibus
161 1069 270 1121 perspicua
283 1069 361 1107 demum
374 1068 494 1117 reddantur,
506 1080 556 1118 quae
569 1067 591 1106 in
603 1069 652 1108 urbe
665 1068 700 1108 ilia
713 1072 757 1107 sunt
769 1068 830 1119 facta,
843 1081 962 1121 quamquam
975 1068 1002 1107 ad

37 1139 170 1180 enarrandam
186 1135 326 1176 iucundissima
339 1138 360 1173 et
375 1134 457 1187 cognitu
472 1134 577 1174 utilissima
593 1134 676 1187 fuerint,
692 1140 757 1176 tamen
775 1136 840 1176 omnia
857 1135 1001 1186 aThucydidc

34 1206 180 1261 praetermissa
197 1218 252 1252 1111,
269 1203 294 1243 oi.
310 1202 389 1254 Haase,
402 1201 494 1244 Lucum,
505 1201 595 1250 Thucyd.
613 1216 632 1254 p.
649 1204 676 1244 24
689 1216 731 1257 sqq.
760 1203 803 1243 Nec
819 1203 923 1243 immerito.
949 1202 1002 1242 Nam

35 1276 71 1329 qui
83 1273 160 1314 bellum
173 1272 261 1311 scribere
275 1270 370 1322 suscepit,
383 1283 416 1309 res
425 1269 507 1309 bellicas
520 1283 559 1323 non
572 1283 605 1309 res
619 1270 705 1310 urbanas
719 1284 836 1323 componere
851 1272 916 1311 debet.
943 1270 1002 1310 Hanc

35 1343 89 1383 enim
103 1341 169 1392 legem
182 1338 310 1388 Thucydides
324 1338 363 1377 sibi
377 1337 468 1388 scripsit,
484 1340 505 1375 ut
518 1350 581 1389 neque
595 1324 646 1391 quac
658 1338 745 1378 Athenis
759 1343 793 1378 aut
806 1337 891 1390 Spartae
907 1343 942 1378 aut
955 1338 1002 1377 aliis
1022 1332 1023 1335 ¹

36 1409 138 1450 Graeciae
155 1408 175 1446 in
193 1406 274 1448 urbibus
291 1407 363 1445 adres
378 1404 498 1444 domesticas
514 1405 578 1456 magis
592 1418 650 1458 quam
666 1406 692 1444 ad
705 1405 798 1457 publicas
811 1410 830 1445 ct
843 1406 927 1446 bellicas
940 1406 1003 1458 pcrti-

36 1481 116 1526 nerent,
128 1476 205 1515 intacta
220 1474 299 1513 sineret.
327 1471 418 1516 Quodsi
434 1486 473 1511 non
488 1471 571 1512 fecisset
585 1477 605 1512 11
617 1473 736 1513 immensum
746 1472 818 1513 librum
831 1472 953 1514 confecisset
971 1478 1003 1512 11-

35 1549 118 1598 tamque
133 1542 183 1583 helii
200 1540 282 1593 gerendi
299 1539 398 1580 rationem
418 1539 551 1580 obscuriorem
572 1549 631 1593 quam
651 1540 754 1580 clariorem
770 1541 897 1582 reddidisset.
924 1540 1003 1580 Similis

37 1625 110 1652 caussa
127 1624 152 1651 ca
168 1614 208 1660 est,
225 1610 305 1661 dequa
321 1621 373 1647 nuno
391 1608 478 1660 agimus3
495 1606 562 1647 Lucas
580 1607 641 1658 enim,
658 1608 691 1660 qui
706 1608 737 1648 rei
750 1606 876 1648 Christianae
888 1608 1003 1660 ,primordia

34 1679 134 1730 tractavit,
148 1687 174 1719 cx
187 1677 264 1717 interna
278 1675 409 1715 ecclesiarum
423 1675 506 1716 historia
523 1675 601 1728 singula
618 1689 707 1728 quaeque
720 1674 815 1716 historiae
830 1676 943 1716 immiscere
962 1688 1003 1716 nou

37 1747 130 1787 debebat.
