2113 3193
45 115 80 190 {12

51 265 82 306 Ea
91 270 158 306 tamen
173 267 239 305 onmia
253 278 288 315 pro
299 264 364 303 dubiis
374 263 443 302 haberi
453 269 546 316 possunt:
561 265 648 304 certiora
658 279 684 305 ex
698 265 743 316 ipsa
751 265 904 318 Evangeliorum
918 281 1020 319 compara-

51 334 106 374 tione
120 336 272 384 cognoscuntur.

140 401 171 439 Ao
185 400 261 451 Papias
278 399 359 451 quidem
377 403 451 438 certain
470 400 557 439 ordinem
576 414 588 438 a
604 399 674 439 Marco
691 414 730 439 non
749 414 793 439 esse
811 405 909 440 servatura
926 403 1019 453 queritur.

50 466 96 508 Jam
109 469 126 506 si
139 472 230 506 nostrum
245 466 375 519 Evangeliunr
390 466 504 517 evolvimus,
517 481 564 518 pars
578 467 620 505 eius
634 468 661 504 ad
675 468 746 506 mortis
760 473 780 506 et
793 469 944 508 resurrectionis
958 469 1019 509 histo-

50 536 100 576 riam
113 537 200 587 pertinet
214 539 235 573 et
251 538 273 572 nt
290 534 427 574 necessarinrn
445 538 488 572 crat
504 534 524 571 in
540 533 578 572 fine
596 533 696 585 evangelii
719 546 762 584 cap.
783 534 929 576 XIV-XVI.
947 541 1019 586 exstat,

50 617 96 655 pars
110 603 232 642 antecedens
246 616 295 642 vero
309 603 362 642 vitae
376 602 471 645 decursas
488 599 551 652 qualis
568 599 629 639 fuerit
646 602 706 640 docet
726 614 770 651 cap.
783 601 891 652 I—Xlll.,
912 616 974 657 eaque
986 604 1020 645 ,ita

50 671 140 710 instituta
150 674 196 720 ‘'est,
219 675 242 708 nt
254 671 339 721 primum
354 668 451 707 derebus
465 658 521 705 inter
530 666 632 706 Galilaeos
646 667 655 706 Ι
671 667 768 708 11-ΙΧ
781 669 816 719 50,
830 658 902 708 deinde
915 670 935 708 in
949 671 1020 710 itinere

51 737 202 787 Hierosolymas
217 740 321 787 suscepto,
338 735 359 773 X
376 734 557 787 1-52,11eniquo
575 735 595 773 in
613 734 658 788 ipsa
671 736 720 774 urhe
738 736 801 786 gestis
815 737 909 788 deinceps
927 742 1019 788 exponat.

52 804 108 848 (luae
126 805 207 857 qnidern
226 817 270 842 enm
286 802 385 842 Johannis
403 801 506 853 evangelio
524 807 638 853 comparata
656 803 734 854 Papiae
752 804 926 856 reprehensionem
948 805 1020 844 iustam
1042 800 1045 804 ’

52 886 97 912 esse
111 886 175 926 neque
190 871 286 922 temporis
300 870 390 908 rationes
404 872 497 907 accurate
511 873 600 908 servatas
615 884 660 909 esse
674 872 786 910 osterrdnnt.
811 870 856 910 Non
870 872 922 911 enirn
935 872 1020 923 prirnnm

52 940 73 979 in
87 939 186 988 Galilaea,
200 938 274 977 deinde
288 938 309 976 in
322 938 372 976 urbe
385 935 446 975 tosus
464 949 507 975 cum
526 936 628 988 discipulis
646 936 685 976 fnit
705 951 780 990 eosque
798 943 818 977 et
835 938 928 991 populum
947 940 1019 990 docuit,

52 1007 87 1045 sed
101 1007 170 1045 urbem
182 1009 225 1057 jam
239 1006 297 1044 initio
312 1009 333 1044 et
346 1008 416 1055 postea
429 1003 505 1054 pluries
520 1005 573 1044 adiit.

141 1067 293 1123 stuatosum,
307 1071 447 1124 qnacwl’apias
462 1072 537 1122 docuit,
552 1072 640 1123 singulas
658 1073 783 1112 narrationes
800 1087 812 1111 a
826 1073 886 1112 Petro
905 1075 982 1113 auditas
1000 1079 1020 1114 et

51 1155 77 1181 ex
91 1141 133 1179 eius
148 1155 182 1180 ore
198 1145 295 1192 exceptas
309 1140 389 1179 Marcus
404 1138 520 1189 eeruplexus
534 1143 570 1178 est.
596 1138 643 1177 Janr
661 1140 713 1178 huno
729 1144 816 1179 nostrum
829 1141 900 1179 lihrnm
919 1143 935 1180 si
950 1156 1020 1181 consu-

49 1209 91 1249 lere
104 1208 159 1259 lieet,
173 1210 250 1260 optima
264 1209 350 1255 auctori,
364 1211 386 1245 nt
403 1206 507 1245 consilinm
524 1219 580 1247 sunm
593 1211 746 1259 assequeretur,
765 1208 798 1247 uia
814 1209 856 1248 visa
871 1213 911 1259 est,
928 1210 945 1248 si
961 1218 1016 1262 ‘qnae

49 1277 120 1316 iisdem
129 1277 149 1314 in
162 1276 280 1327 regionibus
295 1280 364 1327 gestae
379 1278 448 1312 esseut
461 1274 512 1311 inter
525 1287 547 1311 se
563 1276 701 1326 conjungeret,
715 1273 781 1325 idque,
799 1277 816 1314 si
833 1277 949 1315 verisimilia
961 1281 1020 1316 autea

53 1345 142 1395 equidem
157 1343 245 1395 prodidi,
260 1347 373 1394 propterea,
387 1342 439 1393 quod
452 1340 490 1379 hoc
503 1340 597 1380 facillime
611 1340 655 1380 fieri
669 1345 756 1392 poterat.
786 1342 855 1395 Neque
871 1348 937 1383 tamen
950 1343 1021 1395 negari

51 1415 124 1463 potest,
138 1424 256 1463 quamquam
270 1409 331 1449 Jesns
345 1422 382 1460 per
395 1409 472 1459 priores
486 1422 546 1446 annos
560 1422 598 1446 non
612 1409 632 1447 iu
646 1407 740 1448 Galilaea
754 1409 797 1448 sola
810 1409 881 1460 faerit,
897 1415 962 1450 tamen
978 1411 1020 1462 pln-

50 1479 121 1518 rirnrnn
134 1478 231 1530 temporis
246 1492 290 1517 enm
304 1478 324 1515 in
338 1477 383 1515 istis
397 1475 518 1527 regionibus,
532 1489 555 1514 ac
568 1489 613 1514 raro
622 1480 699 1515 tantum
711 1480 731 1515 et
739 1490 776 1528 per
786 1477 845 1518 breve
854 1482 932 1529 tempus
942 1478 962 1516 in
971 1479 1019 1517 urbe

51 1549 191 1586 commoratum
207 1559 259 1585 esse.
279 1545 333 1584 Hinc
347 1543 420 1592 evenit,
433 1547 505 1581 utnon
520 1543 605 1582 obscura
614 1544 674 1582 etiam
683 1549 794 1595 tornpornm
805 1545 926 1585 diversorum
935 1546 1020 1597 vestigia

49 1614 179 1664 reperiantur.
208 1612 239 1651 Eo
253 1613 354 1665 pertinent
366 1610 460 1659 paticinia
474 1624 523 1662 qnae
537 1609 598 1650 desus
612 1612 637 1650 de
651 1616 715 1650 morte
729 1612 819 1650 suniam
834 1613 854 1651 in
869 1612 971 1664 Galilaea,
984 1612 1020 1663 IX,

49 1681 149 1730 30—32,
166 1681 240 1720 deinde
257 1682 328 1719 iterum
345 1680 366 1718 in
379 1679 451 1716 itinere
465 1677 495 1727 X,
513 1678 614 1728 32-34,
627 1679 688 1717 tortio
705 1677 750 1716 loco
769 1677 912 1729 Hierosolymis
927 1681 951 1719 de
964 1681 1019 1719 urbis

50 1748 130 1788 interitu
144 1761 220 1800 suoque
238 1748 304 1786 reditu
318 1746 385 1795 Xlll,
402 1749 422 1785 et
435 1745 515 1796 spiritns
533 1746 597 1784 sancti
611 1745 723 1796 patrocinio
738 1746 830 1796 prodidit.
858 1746 900 1787 Nec
914 1748 1019 1799 praeteriri

50 1820 134 1867 possunt
150 1815 215 1868 prima
229 1813 385 1855 Pharisaeorum
403 1817 423 1852 et
436 1812 594 1851 Herodianornm
612 1814 636 1852 de
652 1813 705 1853 ,lesu
722 1815 833 1853 aoonsando
851 1819 871 1853 et
887 1816 1018 1854 interimendo

50 1883 135 1923 consilia
148 1882 212 1932 XIII,
226 1883 245 1921 2.
260 1883 280 1932 6,
299 1897 350 1935 qnae
367 1881 440 1920 sensim
454 1885 556 1933 erigentur,
574 1881 636 1919 donec
649 1880 794 1929 Hierosolymis
808 1883 827 1921 ei
845 1882 946 1934 captiosae
960 1897 1019 1935 quae·

50 1951 125 1991 stiones
139 1951 237 2003 plurimae
251 1954 392 2002 proponantur,
407 1952 427 1987 et
439 1947 507 1987 ultima
520 1949 589 1987 mortis
603 1948 693 1989 historia.
716 1948 803 1988 Accedit
817 1951 869 2002 qnod
883 1952 907 1989 de
916 1950 1019 2003 Apostolis

51 2019 130 2069 dicitur,
145 2033 227 2072 quorum
243 2019 300 2068 primi
315 2021 407 2070 quattuor
419 2016 437 2065 Ι,
449 2016 485 2066 16,
499 2017 570 2055 deinde
581 2016 642 2055 Leuis
657 2015 731 2067 11,13.,
745 2018 875 2067 nominantur,
891 2022 931 2056 tum
946 2019 1019 2058 duode-

51 2087 89 2126 cim
104 2087 203 2138 eliguntnr
220 2085 259 2125 lll.
276 2086 305 2125 13.
323 2085 446 2136 primamque
464 2084 583 2135 legationem
605 2084 717 2134 suscipiunt
734 2082 775 2134 Vl,
789 2085 806 2124 7.
821 2099 863 2138 sqq.
885 2090 905 2125 et
918 2086 1019 2125 Christum

50 2154 146 2194 Messinm
160 2168 205 2193 esse
219 2154 330 2204 interprete
344 2151 406 2190 Petro
419 2150 535 2202 profitentur
548 2151 603 2202 Vlll,
618 2152 649 2191 27.

140 2220 187 2260 dam
201 2222 228 2260 ad
237 2220 362 2260 lllatthaennr
376 2219 523 2257 transeuntilms
537 2221 618 2273 eiusque
628 2218 759 2271 Evangeliunr
772 2220 941 2269 perscrutantibus
952 2222 1019 2261 statim

50 2292 112 2341 patet,
125 2290 217 2328 universe
231 2289 310 2341 quidem
324 2289 376 2327 huuc
391 2286 473 2325 eundem
487 2288 575 2327 ordinem
590 2301 635 2326 esse
649 2291 755 2328 servatum.
776 2284 825 2324 Narn
835 2287 919 2338 primum
928 2288 988 2328 Jesus
998 2290 1018 2328 in

50 2355 143 2397 Galilaea
154 2358 212 2396 docet
226 2356 264 2406 IV,
280 2353 429 2403 12.—lell‚
443 2354 480 2403 35,
494 2357 564 2394 deindo
578 2356 660 2405 transit,
674 2359 696 2393 nt
705 2353 786 2392 lllareus
796 2359 816 2392 et
825 2355 938 2395 lllattlraens
947 2358 1018 2396 iisdem

50 2424 117 2465 verbis
127 2423 237 2475 perhibent,
252 2426 277 2470 εἷς
290 2425 315 2463 rei
327 2424 372 2475 ὅρια
385 2424 416 2473 τῆς
426 2422 517 2468 [cudatur
525 2423 583 2474 xlx,
599 2422 691 2472 l—XX,
705 2422 743 2468 34,
756 2425 797 2459 turn
810 2423 1019 2476 nrhiappropinquat,

49 2491 109 2540 xxi,
117 2491 141 2540 1.,
156 2504 198 2529 eam
212 2493 330 2544 ingreditur,
340 2491 419 2542 capitur
428 2494 448 2528 et
457 2490 577 2531 interficitur.
595 2490 638 2530 Ncc
648 2491 720 2528 desunt
730 2489 808 2540 singula
815 2490 849 2529 illa
857 2505 906 2543 quae
913 2496 1019 2543 praeterea

51 2559 144 2599 adnotavi
158 2559 208 2597 certi
222 2560 297 2598 ordinis
310 2559 407 2611 vestigia,
424 2558 507 2609 prirnrun
526 2564 609 2611 quatuor
623 2556 717 2609 Apostoli
731 2562 833 2608 vocantur,
846 2558 884 2608 lv,
898 2559 932 2609 18,
947 2560 1017 2599 deinde

51 2626 118 2677 Leuis,
133 2628 171 2666 hoc
184 2626 229 2664 loco
238 2626 353 2666 Matthaeus
367 2626 485 2677 appellatus,
498 2625 536 2677 IX,
546 2628 563 2676 1),
576 2631 616 2665 tum
631 2624 734 2665 drrodecinr
747 2624 820 2677 legatie
834 2626 1018 2678 sequiturAposto-

51 2692 112 2733 lorum
120 2695 145 2745 X,
158 2695 174 2734 1.
183 2707 234 2745 sqq,
244 2698 285 2732 tum
293 2695 353 2734 Petro
365 2696 414 2734 duee
426 2693 525 2746 professio
533 2694 626 2743 hlossiac,
640 2692 699 2743 XVI,
710 2692 739 2733 13,
760 2693 875 2746 Eademque
885 2698 916 2733 est
925 2695 944 2733 in
955 2701 1017 2734 nrorte

54 2760 184 2815 adnuntianda
201 2765 222 2801 et
239 2762 397 2801 truluorsariornm
410 2762 513 2800 calumniis
533 2761 610 2800 insidiis
623 2761 773 2814 qrraestionibns
789 2776 854 2800 rernm
867 2762 934 2803 series⁴
961 2763 1018 2803 Haec

52 2827 85 2878 qni
95 2830 238 2882 contemplatus
254 2828 316 2867 fuerit
330 2830 418 2868 ordinem
426 2844 489 2869 rernm
500 2829 616 2867 traditarum
627 2834 668 2867 tam
676 2843 756 2880 gruruem
764 2834 892 2881 sanctumque
902 2832 964 2871 visum
973 2846 1018 2872 esse
