2113 3193
987 120 1017 175 31

44 242 204 282 Ghristiauarum
217 245 299 280 auctore
312 240 378 293 aliquo
391 240 505 292 perscripta
519 244 592 290 essent,
606 240 655 279 sine
664 239 729 289 dubio
738 238 840 285 disiuncta
850 252 890 297 non
906 244 1019 282 essentne.

43 309 97 356 licta,
110 311 230 361 praesertim
247 315 307 360 (quum
324 309 363 346 duo
381 306 465 350 illiniri
483 305 556 345 Paulus
573 311 593 346 et
606 307 710 355 Barnabas
722 320 776 359 prae
789 306 982 361 reliquisemnibus
997 308 1018 347 in

44 381 129 430 utraque
142 381 200 429 parte
214 374 339 414 nominentur
353 387 377 412 ac
386 375 482 413 iunctura
495 378 590 419 accurata
603 373 664 412 facilc
677 374 752 414 institui
766 376 871 427 potuisset.
987 418 988 422 Ἰ
1006 423 1007 426 ¹

136 444 232 497 Sequitur
245 442 332 481 narratio
349 443 373 481 de
390 439 448 480 Pauli
467 439 612 485 etBarnabac
632 439 703 478 itinere
722 443 809 491 seeundo
825 441 1017 494 Hierosolymitano,

44 512 155 563 sinrplicius
172 510 271 567 primibus
284 523 368 560 annexa,
381 507 429 549 XV.
446 507 658 560 1.—35„eerlcmque5
668 519 723 545 more
737 521 792 558 quem
805 510 825 548 in
834 509 952 563 Evangeliis
962 525 1016 561 sern-

43 588 81 629 per
94 578 204 618 invenimus
217 581 260 624 „aut
272 590 321 623 τινες
333 576 457 621 κατελθόντες
470 574 510 615 tut
524 577 557 626 τῆς
566 573 679 619 revectam
690 573 807 619 ¹—1Bcinde
820 590 866 616 vero
876 592 902 617 ea
910 593 958 631 pars
967 579 1019 629 libri,

44 646 124 697 incipit,
144 648 183 697 qna
200 647 225 685 de
242 645 309 684 Panlo,
323 643 365 682 solo
382 643 440 694 agit,
455 656 506 696 quae
523 642 630 694 usquead
644 640 690 686 libri
708 639 767 698 tinem
785 642 870 694 ducitur,
886 644 934 693 XV.
952 647 1015 687 36.-

44 712 147 753 XXVlIl.
161 713 196 762 31,
213 713 246 751 nbi
260 712 327 751 statim
340 711 366 750 ab
380 709 438 748 initio
446 709 510 750 XVI.
520 710 556 759 216,
569 709 680 757 anasse
694 707 760 747 Panlo
772 710 837 760 ipsum
850 711 938 754 adfuisse
952 714 1016 765 signi-

43 779 92 819 ficat
105 780 226 832 (ἐζητήσαμεν
239 780 324 827 ἐξελθεῖν
337 779 364 823 εἰς
376 776 409 829 τὴν
417 777 574 827 ¹ltlcrued'orluul..
589 776 613 814 ln
626 776 665 824 hac
675 780 744 817 ,autem
759 781 828 828 parte,
842 791 880 829 quo
894 765 974 830 propius
988 782 1015 820 ad

45 829 120 887 exitum
134 847 233 897 venimus,
242 860 270 886 eo
285 846 349 897 magis
363 844 472 883 omnia'itu
486 844 667 894 conscriptasuut,
684 848 706 882 ut
718 844 752 883 rix
766 844 845 897 singula
858 845 931 885 itinera
944 861 957 885 a
969 848 1017 887 reli-

44 915 89 967 qnis
103 914 218 954 discernere
232 925 304 966 queas3
317 912 355 951 uisi
370 913 423 963 quod
433 910 508 949 Paulus
521 910 591 950 lterum
605 924 642 962 per
653 916 733 964 tempus
747 912 826 963 aliquod
840 913 892 964 apud
906 913 1016 962 Antioche-

43 995 80 1021 nos
94 986 227 1021 cornnroratus
241 994 287 1021 esse
295 980 379 1029 dicitur,
392 977 477 1029 XVIII,
490 978 522 1018 22.
543 977 629 1017 Exstant
641 991 688 1018 vero
702 979 723 1016 in
731 979 857 1031 ¹his-queque
866 980 958 1033 singulae
971 994 1017 1021 nar·
1035 1015 1037 1018 .

43 1050 139 1099 rationes,
153 1034 203 1100 quae
210 1047 320 1100 particulas
327 1048 424 1100 quasdam
438 1045 663 1097 afreliquissejrmgunt,
677 1050 699 1084 ut
708 1059 732 1084 ca
741 1059 792 1098 quae
802 1046 896 1099 deinceps
906 1053 1018 1100 sequuntur

16 1167 18 1172 .
44 1118 68 1156 de
82 1118 143 1156 rebus
157 1116 232 1169 Ephesi
246 1115 316 1167 gestis,
329 1115 362 1154 ubi
377 1113 461 1166 Apelles
471 1112 619 1153 Alexandrinus
633 1117 653 1152 ct
665 1114 738 1165 reliqui
753 1113 952 1165 discipuliJolrannis
966 1117 1017 1167 bap-

43 1185 104 1223 tistae
119 1183 208 1223 consulto
224 1196 236 1221 a
249 1183 347 1234 scriptore
362 1183 431 1221 eadem
445 1181 528 1230 ratione,
543 1194 594 1233 quae
608 1181 627 1218 in
641 1180 757 1232 Evangeliis
769 1195 833 1232 ,saepe
847 1182 905 1222 obvia
918 1188 955 1233 est,
969 1196 1017 1231 con-

43 1251 162 1303 innguntur.
172 1249 252 1291 XVIII.
267 1249 389 1289 23.-X1X.
404 1249 435 1289 20.
462 1248 612 1293 lllaximu'vero
630 1261 676 1299 pars
692 1247 745 1293 nihil
759 1249 798 1287 nisi
812 1250 908 1295 turnultus
926 1250 1018 1301 pericula

46 1318 126 1358 vincula
141 1324 223 1357 catenas
237 1317 318 1367 refert,
327 1316 425 1369 simulque
438 1315 497 1355 Pauli
515 1316 629 1358 certamina
645 1313 772 1354 defensiones
794 1316 932 1367 calamitates,
944 1318 1015 1369 quibus

43 1391 133 1425 rexatus
143 1386 229 1438 opprimi
243 1399 288 1424 sese
302 1398 340 1423 non
354 1384 469 1433 sinit,1sed.
483 1384 588 1427 alacritate
600 1396 684 1435 summa
697 1383 716 1421 in
726 1384 821 1424 ,docendo
834 1370 925 1436 Jesrrque
938 1386 1016 1436 praedi-

44 1455 109 1492 cando
123 1453 241 1492 felicissime
254 1452 326 1504 pergit.
363 1470 364 1473 ¹
978 1491 979 1494 ,

52 1534 53 1537 ’
98 1543 100 1545 »
114 1520 211 1571 »negari
224 1519 304 1571 nequit,
320 1519 352 1557 his
369 1519 389 1557 in
407 1518 497 1559 omnibus
510 1518 658 1562 narrationibus
671 1517 739 1557 Lucae
756 1531 835 1566 manum
848 1521 930 1571 proprie
944 1521 1018 1572 detegi,

45 1588 78 1641 qni
96 1601 135 1626 non
152 1586 215 1626 solum
234 1589 340 1626 ornate.'et
357 1586 445 1637 graviter
458 1585 522 1638 loqui,
539 1586 577 1624 sed
590 1586 642 1638 qnod
655 1585 715 1626 multo
728 1585 792 1624 mains
806 1591 844 1637 est,
858 1586 879 1633 iu
892 1588 1017 1640 ipsarerum

44 1642 131 1694 omniurn
150 1654 289 1705 connexione,
306 1654 338 1693 dei
354 1653 453 1693 auxilinm
466 1653 574 1708 tumulare
588 1658 609 1696 et
622 1653 728 1704 perspicue
746 1654 801 1705 quasi
817 1654 885 1707 digitis
905 1659 1017 1695 monstrare

46 1722 127 1772 didicit,
144 1726 166 1761 nt
180 1723 213 1774 qni
228 1722 279 1761 haec
291 1726 347 1761 recte
361 1721 427 1774 legat,
444 1725 490 1760 tota
500 1734 544 1760 sese
557 1726 625 1761 mente
634 1725 660 1763 et
674 1720 737 1759 animo
752 1726 871 1765 commotum
884 1723 967 1773 sentiat,
979 1717 1024 1763 nec*

45 1791 88 1829 sine
103 1792 140 1829 deo
157 1794 178 1829 et
191 1789 273 1829 uluisto
291 1788 374 1828 Paulum
394 1788 513 1840 Apostolum
530 1788 606 1829 vixisse
620 1789 733 1841 perspiciat.
768 1787 937 1843 Quotiescumque
952 1795 1017 1836 antem

45 1858 97 1896 haec
110 1857 158 1908 legi,
172 1857 258 1896 maxime
272 1856 474 1907 sempersimilitudo
489 1856 526 1895 illa
537 1856 585 1897 mihi
600 1856 619 1894 in
635 1861 720 1899 mentem
732 1855 792 1905 veuit,
806 1870 857 1909 quae
867 1858 919 1897 inter
928 1858 1016 1897 ultimam

46 1929 67 1964 et
80 1924 187 1976 Evangelii
203 1928 224 1963 et
237 1923 333 1962 Actorum
350 1928 427 1975 partem
445 1924 556 1963 intercedit.
583 1922 611 1962 Ut
628 1924 680 1964 eninr
698 1924 717 1962 in
730 1923 840 1975 Evangelio
857 1938 904 1976 pars
918 1925 1017 1976 posterior

45 1994 119 2041 arctius
132 1991 229 2030 cohaeret
242 1989 377 2043 singulaeque,
388 1994 432 2042 ejus
445 1995 512 2042 partes
527 1991 609 2031 dissolvi
623 1995 740 2044 nequeunt:v
750 1990 778 2029 ita
791 1990 844 2030 idem
859 1992 878 2030 in
892 1991 951 2031 Actis
964 1992 1018 2044 Apo-

44 2059 140 2099 stolorum
154 2057 197 2098 fieri
211 2058 307 2098 videmus,
335 2056 370 2097 Sin
384 2073 432 2099 vero
447 2059 565 2098 sententium
580 2059 703 2111 quaerimus,
721 2071 771 2110 quae
785 2057 805 2097 in
819 2064 903 2111 utraque
917 2065 974 2111 purte
987 2073 1017 2098 rc·

44 2133 103 2178 guel,
119 2126 170 2166 nihil
187 2126 226 2165 nisi
243 2126 499 2178 mortispraeparationem
513 2126 630 2167 invenimus.
657 2125 716 2165 Hanc
730 2129 750 2164 et
762 2124 823 2165 Jesns
838 2131 858 2166 et
872 2127 950 2171 Paulus,
960 2141 1018 2179 prae·

45 2196 115 2234 (linunt
128 2195 216 2247 saepius,
230 2193 263 2232 bic
275 2206 323 2233 vero
337 2206 433 2246 nusquam
447 2194 556 2245 pulchrius,
567 2209 628 2246 quam
643 2195 662 2234 in
676 2193 780 2246 praeclara
794 2195 884 2235 oratione
898 2197 924 2234 ad
937 2197 1018 2248 presby·

44 2266 100 2301 toros
113 2261 228 2314 Ephesinos
241 2261 311 2300 habita
323 2260 372 2307 XX.
387 2262 417 2302 17.
433 2277 474 2316 sqq.
489 2262 594 2303 simillima
605 2262 639 2301 illa
651 2262 741 2301 Paulinis
755 2262 853 2313 epistolis.
875 2263 946 2316 Neque
960 2263 1018 2303 aliter

46 2336 106 2381 atque
123 2330 144 2367 in
157 2328 268 2380 Evangelio
282 2328 434 2380 Hierosolyma,
450 2331 469 2368 in
483 2329 541 2369 Actis
556 2329 622 2370 Roma
634 2330 719 2381 petitur,
733 2327 758 2368 ct'.
772 2329 833 2371 XIX.
847 2330 878 2371 21.
893 2332 922 2370 ὅτι
935 2331 983 2382 perol
996 2330 1017 2368 ul

45 2398 135 2445 γενέσθαι
148 2411 172 2445 με
185 2397 227 2440 aaut
241 2394 272 2432 δεῖ
279 2412 303 2447 με
315 2399 346 2435 καὶ
353 2396 428 2449 ‘Pcdpsqr
438 2397 492 2446 tuere,
505 2401 526 2436 et
534 2397 614 2438 XXIII.
625 2397 655 2438 11.
669 2396 695 2444 ὥς
707 2397 743 2448 γὰρ
756 2397 873 2450 διεμαρτύρω
882 2398 906 2436 ccl
916 2402 959 2451 περὶ
970 2399 1018 2448 'apori

45 2466 72 2511 εἷς
81 2457 216 2515 Ἰερουσαλήμ,
229 2463 279 2501 οὕτω
296 2475 316 2502 σε
334 2464 407 2504 δεῖκαὶ
420 2466 446 2511 εἰς
456 2463 531 2516 Ῥώμην
543 2468 665 2518 μαρτυρῆσαι.
693 2464 787 2505 Exoritur
801 2465 861 2517 igitur
875 2466 962 2517 quaestio
977 2464 1017 2503 ista

46 2544 108 2583 saepe
125 2532 177 2570 inter
190 2530 250 2580 vires
259 2530 329 2570 doetus
342 2536 440 2582 tractata,
453 2537 517 2571 ntrmn
531 2532 599 2573 Lucas
613 2533 705 2583 Apostoli
722 2545 792 2573 necem
807 2534 922 2585 cognoverit
934 2544 971 2570 nec
984 2544 1018 2580 ne,

45 2609 104 2650 quam
116 2598 194 2638 solvere
205 2610 230 2635 ne
240 2610 266 2636 ex
276 2598 315 2637 bac
328 2599 458 2640 similitudine
469 2600 548 2652 quidem
559 2602 628 2640 audeo.
647 2600 702 2640 Nihil
712 2605 778 2640 autem
788 2600 853 2652 magis
862 2601 882 2640 in
890 2597 1019 2639 Schuecken-

45 2665 127 2717 bnrgeri
138 2666 189 2705 libro
199 2666 281 2705 miratus
292 2679 341 2716 snm,
355 2682 414 2720 qnam
428 2681 479 2721 qnae
493 2668 532 2707 lruc
546 2671 570 2708 de
583 2682 605 2707 re
619 2683 637 2720 p.
649 2668 691 2709 123.
702 2682 745 2723 sqq.
759 2667 845 2720 scripsit.
866 2668 915 2707 Nam
928 2667 945 2705 si
956 2666 1018 2706 ctiam

46 2733 99 2785 qued
114 2731 172 2772 Pauli
190 2734 256 2772 exitus
273 2733 369 2773 reticetur
387 2750 411 2775 ex
424 2736 494 2775 Lucae
513 2736 596 2776 consilio
611 2727 704 2788 repetere
722 2750 781 2789 posse
802 2737 838 2781 sibi
856 2737 909 2775 visus
930 2738 968 2785 est,
982 2735 1020 2783 ni-

45 2801 105 2840 mium
120 2806 214 2853 quantum
229 2801 248 2840 in
263 2801 340 2840 incerta
353 2804 444 2855 opinione
458 2817 494 2843 sna
508 2804 597 2845 haesisse
611 2805 710 2855 putandus
724 2808 761 2845 est.
