2113 3193
32 139 69 184 422

34 259 118 310 ’,ἐξέβαλε
125 258 149 296 roi
157 257 256 306 πνεύματα
263 255 322 308 dorp.
332 253 413 305 (matth.
420 253 480 296 :Vnt
491 254 531 306 ld.)
537 267 543 307 3
550 257 589 294 Καὶ
596 254 655 301 aare
666 255 722 305 ὄχλος
731 254 787 306 dipsa
796 256 893 299 ἅπτεσθαι
902 254 971 308 αὐτοῦ·
980 257 1011 304 ‚defo

40 326 122 374 δύναμις
134 321 178 375 ποιᾷ
192 321 252 360 αὐτοῦ
265 321 355 373 ἐξήρχετο,
368 324 401 360 καὶ
414 323 457 362 totto
475 324 555 370 πάντας.
582 322 633 364 Luc.
646 322 683 364 Vl.
698 321 738 372 th,
750 322 796 374 γονὴ
809 320 941 373 οἱμοῤῥοοῦσο
954 332 1011 374 προο-

40 392 126 430 ολθοῦσιι
139 389 226 434 ὄπισθεν,
239 388 303 444 ἧψιιιο
317 391 351 427 ror
365 391 473 441 κροςπέὸοο
487 394 522 430 τοῦ
535 389 610 441 ἱμαιίοιι
624 389 690 431 αὐτοῦ.
706 388 778 433 Matth.
791 389 833 440 lx,
843 388 875 429 21.
890 387 970 435 Similia
985 391 1010 429 de

41 459 103 500 Petro
116 461 221 496 narrantur
234 455 280 496 Aa.
295 456 347 509 App.
361 455 388 496 V.
407 458 456 509 15,
468 463 500 499 tva
513 457 618 508 ἐρχομένου
630 452 706 508 Πέτρου
722 458 758 500 adu
774 455 785 508 ἦ
802 456 844 500 σιμοὶ
860 456 958 512 ἐμισοιοίομ
975 459 1011 497 τινὶ

43 524 117 574 αὐτῶν,
129 528 150 564 et
165 524 189 564 de
207 523 270 563 Paulo
286 523 347 564 XIX.
367 523 404 573 12,
422 526 469 578 ὥστε
484 523 560 561 aare
572 521 617 567 roric
634 521 905 574 dehonestarerainps‘osmtm
923 521 963 569 aaa
977 525 1012 566 τοῦ

40 591 112 643 χρωτὸς
128 589 189 630 aaron
206 591 300 643 σουδάρια
310 608 326 644 η
348 594 452 641 σιμικίνθια
471 586 678 638 ιιοιῑῑιίιιοιλλάοσεοθαι
690 587 729 630 ,ἀπ’
745 587 808 634 αὐτῶν
826 589 954 636 adgnoscor.
972 590 1012 636 'Ut

42 664 108 698 runem
122 657 213 697 Ghristus
227 659 287 698 etiam
304 662 391 698 mortuos
404 657 426 694 in
443 655 504 695 vitam
521 655 634 706 revocavit,
650 656 703 695 idem
719 655 790 697 Petrus
807 655 862 701 feeit.
892 656 939 696 Aet.
956 656 1011 709 App.

41 725 81 765 IX.
95 725 126 765 36.
140 748 167 754 -
181 725 237 769 Quae
251 726 268 764 si
282 724 382 771 audimus,
398 721 497 773 simulque
511 723 661 774 perpendimus,
678 737 702 762 ea
716 735 812 763 essenon
826 712 912 762 claruet
926 724 1013 775 occulte,

42 794 79 836 sed
92 793 159 844 palam
173 797 236 845 gesta,
249 791 344 844 simulque
359 803 383 828 eo
397 794 488 842 tempore
502 789 568 839 edita,
585 803 622 841 quo
639 790 717 842 plurimi
735 790 828 842 aequales
845 791 866 828 iu
880 791 931 831 vivis
949 797 1013 841 erant,

37 860 130 912 denique
144 861 169 899 iis
183 859 231 911 ipsis
245 872 257 897 a
270 857 333 897 Paulo
348 857 434 908 scripta,
451 856 524 908 quibus
541 862 576 896 aut
589 857 706 901 interfuerat
724 856 903 902 autiuterfuturus
921 862 973 909 erat,
989 863 1012 904 ut

43 927 69 966 de
88 940 154 969 eorum
175 927 258 966 veritate
275 925 366 965 dubitare
382 933 517 977 nequeamus:
538 924 598 964 facile
618 925 663 964 inde
683 939 721 979 quo
742 939 767 964 ex
786 924 842 971 fonte
862 925 959 968 alacritas
977 926 1012 971 illa

43 993 194 1045 Apostolorum,
213 1006 296 1044 maguus
310 1005 377 1032 eormn
395 992 484 1037 animus,
506 993 604 1031 audaciae
619 993 676 1045 uigor
693 996 736 1031 orta
752 993 791 1033 sint
806 993 936 1045 percipimus.
967 994 1012 1037 Nou

42 1061 117 1099 frustra
131 1061 193 1112 igitur
206 1064 249 1098 tota
263 1059 349 1099 ecclesia
361 1060 494 1109 precabatur,
507 1059 553 1098 Act.
568 1058 621 1111 App.
635 1060 670 1100 lv.
684 1061 726 1110 29.‚
740 1060 777 1109 30..
792 1066 812 1099 ut
825 1074 849 1100 ue
864 1061 961 1100 miracula
972 1061 1010 1100 sibi

42 1129 143 1177 deessent,
156 1141 207 1180 quae
221 1127 330 1167 orationem
343 1128 433 1179 ipsorum
448 1125 593 1166 confirmarent.

133 1194 209 1239 Eadem
221 1209 269 1235 vero
284 1194 367 1236 historia
380 1208 451 1244 saera,
467 1206 517 1245 [puae
531 1194 564 1232 dei
577 1195 731 1246 magnitudinem
744 1200 847 1248 tantopere
861 1195 960 1245 celebrat,
978 1196 1013 1237 ho-

41 1263 107 1302 mines
121 1263 172 1301 haud
185 1276 232 1302 varo
246 1262 328 1302 vitiosos
341 1261 400 1300 uobis
415 1261 520 1313 divinaque
534 1260 600 1312 gratia
613 1262 705 1313 indignos
719 1263 810 1305 ostendit.
837 1261 880 1302 Nec
894 1262 958 1306 solum
969 1277 1012 1305 sce·

41 1330 101 1370 lerati
115 1330 135 1368 in
149 1330 259 1381 perniciem
271 1343 326 1369 suam
341 1342 362 1368 se
375 1328 520 1381 praecipitant,
540 1332 561 1366 ut
575 1327 658 1377 ¹ludaei,
676 1329 771 1381 imprimis
785 1329 971 1378 Hierosolymorum
985 1331 1013 1371 iu·

4 1394 6 1399 ’
40 1397 109 1447 colae,
138 1397 170 1448 qui
190 1396 267 1436 cladem
285 1397 322 1436 sihi
338 1396 475 1435 imminentem
498 1394 619 1434 facinoribus
637 1396 677 1437 suis
698 1396 821 1448 accelerant,
840 1397 873 1436 vel
885 1396 979 1440 Ananiae
993 1403 1013 1437 et

41 1464 161 1516 Sapphirae,
175 1465 208 1517 qui
221 1468 302 1516 propter
315 1464 408 1504 fraudem
433 1462 492 1502 Petro
507 1463 568 1503 diuini
582 1463 660 1503 consilii
679 1464 787 1515 interprete
808 1469 893 1514 mortem
907 1469 1012 1517 oppetunt,

41 1533 74 1572 vel
91 1531 171 1580 Elymas
189 1531 270 1583 hlagus,
288 1531 321 1583 qui
338 1534 421 1582 propter
438 1530 569 1582 pertinaciam
583 1544 639 1572 suam
652 1530 710 1571 Pauli
727 1532 809 1572 arbitrio
827 1536 961 1582 occaecatus,
980 1532 1013 1573 vel

41 1599 145 1650 Herodes,
162 1600 196 1652 qui
212 1599 283 1638 mediis
300 1599 319 1637 in
337 1598 446 1637 honoribus
463 1597 544 1637 summis
558 1597 623 1636 subito
638 1599 670 1637 dei
684 1597 784 1639 voluntate
798 1599 881 1647 oooima
902 1599 1012 1641 sedetiam

37 1667 116 1718 alioqui
130 1667 202 1707 uirtute
216 1667 302 1718 insignes
318 1665 417 1718 probique
431 1665 519 1704 homines
536 1665 590 1704 haud
606 1679 652 1704 raro
674 1669 739 1706 errant
756 1670 776 1704 et
792 1666 862 1716 culpae
876 1679 926 1707 suae
940 1679 1013 1709 caussa

41 1734 155 1786 puniuntur.
184 1734 277 1773 Laudare
291 1734 344 1773 enim
358 1732 450 1784 profecto
465 1745 502 1771 neo
516 1732 606 1772 hiarcam
618 1742 733 1785 possumus,
746 1732 778 1784 qui
791 1731 913 1777 cuurPuulo
928 1739 948 1773 et
963 1733 1013 1777 Bar-

41 1802 95 1844 naba
108 1802 197 1852 pericula
210 1801 299 1853 perferre
317 1814 355 1839 nou
374 1801 434 1839 audet
451 1800 486 1839 sed
502 1799 569 1851 fugam
588 1800 686 1852 capessit,
706 1813 743 1839 nce
756 1799 838 1843 Paulum
859 1805 880 1839 et
893 1800 1014 1852 Barnabam,

42 1869 75 1920 qui
92 1874 200 1919 propterea
215 1868 266 1908 inter
284 1883 305 1907 se
320 1868 423 1918 disputant
437 1872 456 1907 et
468 1868 563 1911 rixantur.
591 1867 642 1908 Nam
655 1871 701 1918 post
711 1872 794 1908 mortem
804 1867 879 1907 Christi
894 1882 933 1908 uon
947 1869 1013 1911 minus

41 1935 135 1987 Apostoli
156 1936 252 1975 interdum
273 1940 358 1987 peccata
379 1935 484 1974 admittere
502 1940 595 1987 possunt,
616 1948 673 1986 quam
691 1948 727 1987 quo
748 1940 836 1987 tempore
857 1934 909 1975 Jesu
926 1938 978 1977 duce
990 1942 1013 1977 ot

42 2003 133 2042 adiutore
147 2004 178 2042 usi
192 2007 242 2043 suut.
270 2003 342 2043 Ornnia
356 2003 417 2053 igitur
433 2003 467 2041 illa
481 2002 564 2041 dissidia
577 2002 629 2041 iuter
644 2001 767 2052 §hristianos
781 2009 833 2054 orta,
852 2008 873 2046 et
889 2004 922 2055 qui
937 2018 963 2044 cx
976 2004 1013 2049 ,lu-

43 2070 100 2110 daeis
114 2075 134 2109 et
146 2072 178 2123 qui
193 2084 219 2110 ex
234 2070 317 2110 Graecis
331 2070 448 2122 prodierant
461 2070 507 2121 (lx.
523 2070 559 2121 1.),
574 2074 594 2108 et
607 2082 665 2120 qutun
678 2069 762 2120 gentiles
776 2073 800 2110 ad
815 2071 916 2112 Christum
930 2087 953 2111 se
967 2086 1013 2112 con·
1034 2116 1036 2118 ,

41 2137 148 2177 vertissent
162 2137 218 2190 (XV.
234 2139 266 2188 1.),
279 2139 330 2177 inter
344 2137 395 2187 illos,
411 2138 443 2190 qui
458 2142 539 2190 propter
552 2138 609 2188 leges
623 2136 722 2177 illosaicas
740 2143 772 2180 aut
786 2139 911 2188 abrogandas
925 2143 1012 2187 autnon

42 2207 167 2255 abrogandas
178 2206 287 2257 certabant,
300 2204 362 2245 multa
376 2205 480 2244 exstitisse
494 2206 607 2254 ostendunt,
621 2217 670 2255 (puae
680 2218 728 2245 cum
741 2210 807 2244 nrutuo
820 2219 888 2244 errrore
903 2205 1012 2256 primorum

43 2272 200 2314 Christianorum
218 2277 334 2325 comparata
354 2272 435 2323 placere
453 2272 509 2311 uobis
529 2272 608 2311 rniuirne
628 2273 711 2322 possint.
748 2271 791 2311 Nec
811 2273 895 2312 dixerim
913 2273 1012 2325 equidem,

41 2340 94 2380 Jesu
109 2342 219 2392 exemplum
234 2346 253 2380 et
268 2340 378 2380 doctrinam
396 2339 436 2391 ipsi
451 2338 512 2378 Paulo
530 2340 548 2378 iu
566 2338 631 2378 animo
649 2338 721 2389 fuisse,
737 2352 794 2391 quum
811 2340 883 2380 suuuni
900 2342 1013 2381 sacerdotis

40 2407 174 2447 temeritatem
190 2409 255 2449 verbis
272 2406 455 2448 vehementissimis
471 2407 588 2458 reprimeret
602 2405 691 2456 (XXIll.
706 2406 739 2456 3.].
763 2405 827 2449 Quum
841 2421 887 2447 uero
906 2423 928 2448 se
943 2409 1013 2458 Phari-

42 2488 112 2515 saeum
128 2487 171 2513 esse
185 2481 204 2515 et
217 2480 299 2528 propter
311 2474 480 2516 resurrectionem
493 2473 579 2514 futuram
592 2473 611 2513 iu
626 2473 718 2517 iudicium
730 2475 796 2514 vocari
814 2476 890 2515 dixerit
902 2476 939 2522 (ih.
949 2474 975 2514 V.
985 2476 1012 2526 h.)

42 2548 63 2582 et
79 2556 138 2594 quum
156 2543 277 2582 notissimum
290 2544 342 2582 istrrd
357 2542 463 2582 consilium
477 2541 581 2581 multorum
591 2539 748 2588 Christianorum
761 2548 852 2595 sequutus
859 2543 887 2583 sit
897 2543 1013 2595 (xxlaor,

42 2615 62 2649 ut
76 2624 98 2650 se
113 2625 125 2648 a
139 2609 253 2649 criminibus
266 2615 366 2662 purgaret,
380 2622 464 2662 quorum
480 2610 532 2659 apud
545 2609 636 2649 ¹ludaeos
650 2622 696 2647 reus
710 2613 762 2661 erat,
774 2610 829 2651 fuere
844 2611 877 2662 qui
887 2610 1013 2651 haecomnia

43 2691 79 2717 uec
92 2678 150 2717 utilia
163 2676 227 2716 fuisse
241 2681 260 2715 et
273 2678 393 2730 reliquorum
408 2676 515 2726 hominum,
528 2678 597 2728 quales
610 2675 681 2728 ubique
695 2689 739 2717 osse
753 2679 823 2729 solent,
837 2691 864 2716 ex
877 2692 934 2717 more
948 2680 1013 2729 magis

43 2757 98 2795 quam
113 2760 138 2785 cx
151 2743 232 2787 virtutis
239 2743 363 2783 Christianae
373 2745 453 2795 legibus
462 2757 487 2782 ac
495 2745 569 2783 normis
578 2745 695 2794 deprompta
705 2745 797 2785 dicerent.
808 2744 904 2796 Equidem
914 2746 1013 2798 imprimis

44 2810 99 2861 illud,
108 2814 158 2863 (prod
167 2816 268 2866 postremo
277 2811 320 2850 loeo
328 2812 517 2861 commmoratur
526 2812 577 2851 solet
586 2812 605 2850 iu
615 2811 673 2850 rehus
679 2815 786 2864 prudenter
794 2813 864 2863 magis,
873 2825 932 2864 quum
941 2826 1012 2855 secun·
