2113 3193
978 133 1006 178 13

35 256 148 306 Matthaeo,
171 262 192 296 ut
216 257 386 296 orrrnimmutare
406 268 445 293 uon
470 261 585 305 conaretur,
604 257 640 295 sed
660 270 750 308 magnam
772 256 790 296 ei
813 254 954 295 auctoritatem
975 256 1009 294 tri-

34 324 112 374 bueret,
126 323 224 375 iutelligit.

125 390 148 429 In
162 390 245 441 singulis
260 403 307 431 vero
322 390 399 429 addere
415 388 486 438 multa,
500 389 580 428 demere
597 393 617 427 et
634 390 673 428 alia
689 392 765 431 ratione
783 393 878 445 digerere
895 404 956 430 ausus
971 393 1010 429 est.

35 458 67 497 Ac
80 458 170 509 plurimis
184 458 261 509 quidem
276 457 418 496 additamentis
435 457 455 494 iu
469 456 607 507 prioreparte
625 457 747 508 evangelium
762 474 819 499 suum
833 460 920 499 ornavit:
939 458 959 496 in
977 471 1009 496 se-

35 527 139 578 quentibus
153 538 216 575 pauca
229 525 364 564 tantummodo
383 524 457 565 adieeIt
475 528 495 563 et
512 524 571 563 aliter
587 523 678 563 instituit.
705 523 804 565 lnMarci
818 526 930 579 Evangelio
944 524 1008 569 Jesus

33 599 139 646 postquam
156 591 294 642 Hierosolyma
309 592 393 631 intravit
409 597 430 631 et
444 592 539 643 templum
557 590 616 640 adiit,
635 591 755 630 Bethaniam
774 595 862 634 redierat
880 598 900 633 et
917 593 1007 633 crastino

36 661 68 699 die
82 674 140 714 qmun
154 660 223 698 iterum
237 661 256 699 iu
269 660 339 698 urbem
353 673 376 698 se
391 658 501 709 conferret,
518 658 576 698 ficum
594 672 651 710 quam
666 659 708 698 siue
722 657 821 698 fructibus
839 665 943 712 repererat
956 661 1007 700 diris

34 729 143 778 devovisse,
157 726 227 766 deinde
236 727 362 766 tabernarios
372 730 393 765 et
401 727 510 769 mensarios
520 740 546 765 ex
559 726 633 777 templo
647 719 755 778 expulisse,
768 730 789 765 et
799 727 861 765 tertio
871 728 903 766 die
913 729 1006 767 arborem

34 796 92 835 istam
107 798 213 835 emortuam
226 794 300 834 vidisse
310 793 391 843 dicitur,
405 793 431 835 cf.
441 792 483 842 XI,
497 793 519 834 11
528 794 590 833 -22,
611 792 672 845 Apud
688 793 813 833 Mattlraeum
827 795 898 833 eadem
911 794 954 834 fere
968 797 1005 835 sed

35 863 74 902 alia
88 863 164 901 ratione
178 866 286 900 narrantur.
309 859 384 901 Statim
398 861 450 900 euim
465 864 510 910 post
524 861 623 900 solennem
637 861 657 899 in
671 861 740 900 urbem
754 861 867 912 ingressum
880 860 941 900 Jesus
954 877 1005 902 mer-

36 935 114 970 catores
128 929 240 980 extemplo
258 926 351 979 expellit,
370 928 442 967 deinde
456 926 575 965 Bethaniam
591 927 644 966 redit
660 932 680 968 et
698 929 730 967 die
747 930 836 968 erastino
854 928 914 968 ficum
930 930 1007 981 reperit

36 997 137 1050 efficitque
151 1001 173 1035 ut
185 997 249 1035 subito
264 996 299 1034 illa
312 1000 425 1035 exarescat.
451 993 526 1033 Eadem
543 994 603 1046 igitur
616 995 636 1033 in
649 996 680 1035 his
694 995 765 1046 religio
775 1010 820 1035 uon
834 998 1006 1037 animadvertitur.

83 1084 85 1087 ·
125 1064 183 1104 Aliae
202 1064 321 1102 mutationes
342 1063 425 1101 maioris
445 1066 490 1100 sunt
507 1062 605 1100 momenti.
636 1062 706 1102 Additi
731 1063 783 1102 enim
803 1065 889 1115 primum
906 1070 951 1103 sunt
967 1079 1006 1116 per

34 1137 96 1172 totum
110 1133 181 1171 librum
195 1131 268 1170 veteris
277 1129 404 1169 Testamenti
418 1130 464 1179 loci,
478 1129 510 1181 qui
520 1129 615 1169 vaticinia
628 1131 734 1170 continent.
757 1130 780 1170 ln
790 1133 836 1182 ipsa
845 1131 881 1170 illa
890 1133 1004 1172 narratione

37 1201 62 1239 de
76 1200 152 1239 solenni
166 1199 186 1237 iu
200 1199 268 1237 urbem
282 1199 376 1249 ingressu
386 1197 467 1236 Marcus
477 1197 556 1236 dixerat
564 1195 604 1246 XI,
614 1196 640 1237 3.:
658 1201 689 1236 καὶ
702 1198 737 1236 ἐάν
751 1211 778 1245 τις
791 1197 838 1249 ὑμῖν
851 1200 900 1254 εἴπῃ·
909 1201 926 1237 τί
935 1207 1005 1239 ποιεῖτε

35 1271 99 1314 τοῦπος
116 1270 180 1306 εἴπατε
193 1267 223 1305 ὅτι
236 1265 247 1305 ὁ
260 1266 323 1317 κύριος
336 1264 398 1304 αὐτοῦ
409 1267 475 1316 χρείαν
484 1264 529 1313 ἔχει·
543 1268 574 1303 καὶ
587 1262 657 1311 εὐθέως
673 1264 733 1304 αὐτόν
746 1264 859 1305 ἀποστέλλει
872 1263 916 1304 οἶδε.
937 1266 1004 1317 Ἀπῆλ-

34 1337 73 1373 θον
87 1335 108 1373 δὲ
121 1338 152 1373 καὶ
165 1332 221 1384 εὖρον
233 1333 298 1372 ποῖλον
311 1332 415 1382 δεδεμένον
428 1331 475 1382 πρὸς
488 1332 522 1382 τήν
534 1333 600 1383 θύραν
616 1330 651 1379 ἐξα
668 1332 697 1370 ἐπὶ
714 1335 749 1370 τοῦ
764 1331 864 1385 ἀμφόδου.
891 1333 1004 1373 Matthaeus

33 1416 82 1449 vero
97 1403 148 1441 haee
162 1401 243 1439 exhibet
255 1398 318 1449 XXI,
332 1399 361 1438 3.:
378 1402 410 1437 ααῐ
423 1399 458 1437 ε’άν
470 1412 498 1444 τις
506 1397 552 1449 ὑμῖν
565 1400 638 1455 εἴπῃσι,
651 1399 711 1450 ε’ρεῖτε,
725 1398 850 1451 (traducerer
863 1399 929 1439 αὐτῶν
940 1404 1005 1452 χρείαν

34 1469 80 1519 ἔχει·
95 1469 166 1513 εὐθέως
179 1467 201 1505 δὲ
214 1466 314 1506 ἀποστελεῖ
327 1466 404 1512 αὐτούς.
436 1469 498 1504 Τοῦτο
516 1466 538 1504 δὲ
555 1466 602 1505 ὅλον
614 1468 695 1514 γέγονεν,
711 1470 742 1505 ἵνα
756 1466 849 1523 πληρωθῇ
862 1467 885 1505 τὸ
899 1467 959 1520 ῥηθὲν
972 1467 1006 1507 dut

33 1539 69 1575 τοῦ
82 1537 184 1587 προφήτου,
197 1534 291 1583 λέγοντος·
305 1536 380 1572 Εἴπατε
389 1538 410 1589 τῇ
419 1534 564 1581 θνγατρὶΣιολν
578 1533 616 1571 κτλ.
629 1557 655 1562 -
667 1536 791 1585 πορευθέντες
806 1533 829 1572 δὲ
843 1533 862 1573 οἳ
875 1538 962 1586 μαθηταὶ
974 1538 1005 1575 καὶ

34 1604 145 1655 ποιήσαντες
162 1601 225 1647 καλῶς
241 1602 356 1652 προσέταξεν
369 1599 436 1647 αὐτοῖς
448 1597 460 1639 ὅ
473 1602 539 1651 Ιησοῦς
551 1599 603 1639 κτλ.”
636 1600 677 1639 Sed
693 1600 720 1639 ibi
734 1613 813 1652 queque
828 1615 862 1640 res
876 1605 953 1641 mutata
966 1608 1005 1655 est3

34 1668 149 1709 Matthaeus
163 1669 214 1707 enim
228 1669 274 1707 ὄνον
286 1671 318 1707 καὶ
331 1668 397 1707 πῶλον
410 1672 556 1716 commemorat,
570 1672 592 1706 ut
606 1672 637 1707 est
650 1669 669 1706 in
682 1667 780 1708 vaticinio.

126 1735 183 1779 Quae
196 1736 275 1789 quidem
292 1735 380 1787 vestigia
395 1735 413 1774 si
427 1735 574 1787 persequimur,
591 1734 703 1775 Matthaeus
717 1748 766 1787 quae
781 1748 826 1775 cum
841 1737 912 1776 Marco
929 1738 948 1777 ei
962 1743 1006 1778 suut

34 1804 155 1852 communia,
172 1807 270 1842 mutuatus
291 1803 315 1841 ab
336 1802 370 1842 illo
394 1802 461 1841 multis
479 1802 621 1842 additamentis
641 1817 667 1842 en
686 1804 747 1854 ipsius
764 1804 891 1858 aliorumque
912 1806 1007 1845 memoria
1024 1807 1026 1812 ’

34 1871 116 1910 haustis
127 1871 182 1910 auxit
196 1876 215 1910 et
229 1871 311 1910 alteram
326 1885 410 1923 eamque
425 1869 534 1921 pleniorem
548 1870 637 1909 eiusdem
651 1871 696 1910 libri
710 1870 817 1911 editionem
830 1872 915 1924 paravit.
937 1872 1006 1925 Neque
1053 1872 1055 1879 '

36 1939 140 1978 obscurum
159 1942 199 1988 est,
218 1939 266 1991 quid
285 1939 422 1977 necessarium
444 1950 488 1975 csse
509 1938 615 1988 putaverit.
644 1938 729 1978 Naturae
750 1940 802 1978 enim
823 1954 890 1979 rerum
909 1941 1007 1992 convenit,

34 2007 88 2059 quod
102 2007 135 2058 qui
149 2006 229 2056 primus,
243 2020 293 2059 quae
308 2007 333 2045 dc
347 2005 449 2045 vitaJesu
463 2009 510 2043 uota
524 2011 587 2055 erant,
601 2006 695 2057 colligere
708 2006 839 2057 suscipiebat,
854 2008 879 2047 ad
893 2021 917 2047 ea
931 2008 1005 2060 simpli-

36 2073 86 2112 citer
100 2074 184 2112 animum
203 2073 341 2122 convertebat,
359 2087 410 2125 quae
426 2071 487 2112 Jesus
504 2071 599 2122 fecisset,
616 2087 703 2126 quosque
719 2086 823 2114 sermones
840 2090 885 2115 cum
903 2076 1005 2128 discipulis

35 2140 145 2181 habuisset.
175 2139 250 2179 Nactus
270 2140 331 2193 igitur
348 2140 462 2180 Matthaeus
478 2139 543 2179 Marci
561 2140 800 2192 oornmontnriossslibmm
814 2142 927 2195 Evangelio
941 2143 1005 2182 Marci

34 2208 155 2248 simillimum
170 2208 241 2258 edidit,
254 2208 349 2260 pleraque
363 2208 453 2253 retinuit,
469 2220 534 2257 pauca
548 2209 653 2261 quaedam,
670 2222 719 2260 quae
732 2209 799 2258 paullo
815 2211 875 2250 alitor
889 2216 947 2263 gesta
961 2225 1006 2250 esse

34 2276 158 2326 meminerat,
171 2277 259 2326 mutavit,
273 2289 363 2329 quaeque
373 2277 458 2314 nondum
468 2274 502 2313 ille
511 2276 614 2328 tetigerat,
627 2276 711 2315 addidit:
725 2275 783 2316 simul
793 2292 841 2319 vero
856 2279 882 2317 ad
896 2280 1006 2318 doctrinam

35 2341 86 2382 Jesu
99 2344 178 2382 transiit
192 2358 274 2396 euntque
284 2345 374 2383 inserere
388 2347 470 2383 conatus
484 2356 554 2382 nevum
568 2358 631 2396 paene
645 2344 714 2381 librum
729 2342 779 2383 fucit
793 2346 918 2385 orationibus
931 2346 1005 2386 Christi
1033 2329 1035 2339 Ι

36 2415 57 2450 et
70 2411 171 2462 parabolis
185 2413 268 2451 adiectis
282 2411 342 2468 lenge
361 2411 517 2450 eminentiorem.
545 2411 601 2463 Opus
618 2412 678 2462 igitur
695 2410 821 2452 utilissimum
840 2414 875 2452 ille
893 2414 1005 2464 suscepisse

34 2479 134 2530 putandus
150 2483 185 2517 est.

127 2545 219 2585 Ecclesia
233 2546 284 2584 enim
298 2546 415 2586 Christiana
429 2559 486 2598 quum
503 2551 613 2595 cresceret,
633 2547 725 2599 quoniam
741 2562 804 2589 novae
819 2549 946 2600 quaestiones
959 2561 1006 2598 pro-

35 2614 170 2663 ponebantur,
184 2614 207 2651 de
222 2613 291 2665 quibus
306 2615 332 2652 ad
342 2614 418 2654 Christi
433 2614 581 2665 auctoritatem,
594 2615 703 2665 ubicunque
718 2614 762 2655 fieri
776 2622 856 2668 posset,
869 2615 1006 2655 lubentissime

35 2683 182 2732 provocabant,
202 2694 274 2732 magna
294 2681 403 2734 colligendi
425 2695 458 2730 ea,
481 2695 532 2733 quae
552 2682 612 2722 Jesus
636 2681 730 2731 uixisset,
754 2684 855 2735 cupiditas
878 2683 1006 2725 nascebatur.

36 2747 136 2800 Imprimis
151 2754 214 2789 autem
229 2749 275 2800 quid
289 2748 313 2786 dc
327 2754 397 2789 vetere
410 2754 529 2789 testamento
544 2749 660 2800 consuisset,
670 2750 803 2804 indagandum
819 2756 866 2791 crat.
894 2751 1007 2801 Propterea

36 2814 112 2856 curisti
130 2817 192 2869 ipsius
207 2815 316 2869 exemplum
338 2821 358 2855 et
375 2822 484 2869 praecepta
501 2823 581 2858 secutus
600 2816 656 2856 locos
670 2832 696 2857 ex
709 2824 776 2860 vetere
794 2821 913 2859 testamento
931 2820 1007 2870 petitos
