<?xml version="1.0" encoding="UTF-8"?>
<!DOCTYPE html PUBLIC "-//W3C//DTD XHTML 1.0 Transitional//EN"
    "http://www.w3.org/TR/xhtml1/DTD/xhtml1-transitional.dtd">
<html xmlns="http://www.w3.org/1999/xhtml" xml:lang="en" lang="en">
 <head>
  <title>
</title>
<meta http-equiv="Content-Type" content="text/html;charset=utf-8" />
  <meta name='ocr-system' content='tesseract 3.04.00' />
  <meta name='ocr-capabilities' content='ocr_page ocr_carea ocr_par ocr_line ocrx_word'/>
</head>
<body>
  <div class='ocr_page' id='page_1' title='image "MN41434ucmf_1_0045.png"; bbox 0 0 2113 3193; ppageno 0'>
   <div class='ocr_carea' id='block_1_1' title="bbox 970 131 1008 181">
    <p class='ocr_par' dir='ltr' id='par_1_1' title="bbox 970 131 1008 181">
     <span class='ocr_line' id='line_1_1' title="bbox 970 131 1008 181; baseline 0.053 -2"><span class='ocrx_word' id='word_1_1' title='bbox 970 131 1008 181; x_wconf 95' lang='grc'><strong>29</strong></span> 
     </span>
    </p>
   </div>
   <div class='ocr_carea' id='block_1_2' title="bbox 34 250 1009 842">
    <p class='ocr_par' dir='ltr' id='par_1_2' title="bbox 36 250 1008 373">
     <span class='ocr_line' id='line_1_2' title="bbox 36 250 1008 309; baseline -0.006 -13"><span class='ocrx_word' id='word_1_2' title='bbox 36 261 117 309; x_wconf 86' lang='lat' dir='ltr'>uterquc</span> <span class='ocrx_word' id='word_1_3' title='bbox 131 254 238 307; x_wconf 77' lang='lat' dir='ltr'><strong>Apostolus</strong></span> <span class='ocrx_word' id='word_1_4' title='bbox 252 254 370 293; x_wconf 88' lang='lat' dir='ltr'>diversaab</span> <span class='ocrx_word' id='word_1_5' title='bbox 385 251 438 290; x_wconf 90' lang='lat' dir='ltr'>omni</span> <span class='ocrx_word' id='word_1_6' title='bbox 450 256 509 303; x_wconf 87' lang='lat' dir='ltr'>parte</span> <span class='ocrx_word' id='word_1_7' title='bbox 519 256 617 304; x_wconf 69' lang='lat' dir='ltr'>expertus</span> <span class='ocrx_word' id='word_1_8' title='bbox 631 252 702 306; x_wconf 87' lang='lat' dir='ltr'>fucrit,</span> <span class='ocrx_word' id='word_1_9' title='bbox 717 255 757 293; x_wconf 90' lang='lat' dir='ltr'>hae</span> <span class='ocrx_word' id='word_1_10' title='bbox 774 266 851 306; x_wconf 84' lang='lat' dir='ltr'>paucae</span> <span class='ocrx_word' id='word_1_11' title='bbox 869 250 1008 292; x_wconf 76' lang='lat' dir='ltr'>similitudines</span> 
     </span>
     <span class='ocr_line' id='line_1_3' title="bbox 37 318 916 373; baseline -0.005 -10"><span class='ocrx_word' id='word_1_12' title='bbox 37 321 114 363; x_wconf 89' lang='lat' dir='ltr'>etiamsi</span> <span class='ocrx_word' id='word_1_13' title='bbox 127 335 174 361; x_wconf 90' lang='lat' dir='ltr'>vere</span> <span class='ocrx_word' id='word_1_14' title='bbox 188 325 256 361; x_wconf 89' lang='lat' dir='ltr'>essent</span> <span class='ocrx_word' id='word_1_15' title='bbox 264 320 364 373; x_wconf 89' lang='lat' dir='ltr'>prolatae,</span> <span class='ocrx_word' id='word_1_16' title='bbox 378 318 427 358; x_wconf 91' lang='lat' dir='ltr'>nihil</span> <span class='ocrx_word' id='word_1_17' title='bbox 441 318 651 360; x_wconf 76' lang='lat' dir='ltr'>effecturaeluissent.</span> <span class='ocrx_word' id='word_1_18' title='bbox 915 325 916 329; x_wconf 76' lang='grc'>’</span> 
     </span>
    </p>

    <p class='ocr_par' dir='ltr' id='par_1_3' title="bbox 34 384 1009 842">
     <span class='ocr_line' id='line_1_4' title="bbox 125 384 1008 439; baseline -0.001 -13"><span class='ocrx_word' id='word_1_19' title='bbox 125 387 189 427; x_wconf 87' lang='lat' dir='ltr'>Totus</span> <span class='ocrx_word' id='word_1_20' title='bbox 203 390 268 426; x_wconf 84' lang='lat' dir='ltr'>autem</span> <span class='ocrx_word' id='word_1_21' title='bbox 283 384 486 437; x_wconf 88' lang='lat' dir='ltr'>Schaeehenburgeri</span> <span class='ocrx_word' id='word_1_22' title='bbox 500 384 551 424; x_wconf 91' lang='lat' dir='ltr'>liber</span> <span class='ocrx_word' id='word_1_23' title='bbox 564 384 595 423; x_wconf 76' lang='lat' dir='ltr'>ita</span> <span class='ocrx_word' id='word_1_24' title='bbox 606 387 740 429; x_wconf 84' lang='lat' dir='ltr'>conformatus</span> <span class='ocrx_word' id='word_1_25' title='bbox 754 393 792 439; x_wconf 87' lang='lat' dir='ltr'>est,</span> <span class='ocrx_word' id='word_1_26' title='bbox 804 392 827 428; x_wconf 91' lang='lat' dir='ltr'>ut</span> <span class='ocrx_word' id='word_1_27' title='bbox 839 389 902 428; x_wconf 88' lang='lat' dir='ltr'>multa</span> <span class='ocrx_word' id='word_1_28' title='bbox 911 400 938 427; x_wconf 82' lang='lat' dir='ltr'>ex</span> <span class='ocrx_word' id='word_1_29' title='bbox 945 387 1008 427; x_wconf 87' lang='lat' dir='ltr'>rebus</span> 
     </span>
     <span class='ocr_line' id='line_1_5' title="bbox 35 450 1009 508; baseline -0.003 -12"><span class='ocrx_word' id='word_1_30' title='bbox 35 454 170 496; x_wconf 75' lang='lat' dir='ltr'>incertissimis</span> <span class='ocrx_word' id='word_1_31' title='bbox 185 453 310 506; x_wconf 87' lang='lat' dir='ltr'>colligantur,</span> <span class='ocrx_word' id='word_1_32' title='bbox 323 453 391 493; x_wconf 88' lang='lat' dir='ltr'>Lucae</span> <span class='ocrx_word' id='word_1_33' title='bbox 405 466 453 493; x_wconf 88' lang='lat' dir='ltr'>vero</span> <span class='ocrx_word' id='word_1_34' title='bbox 466 450 573 491; x_wconf 83' lang='lat' dir='ltr'>famaene</span> <span class='ocrx_word' id='word_1_35' title='bbox 587 452 649 491; x_wconf 90' lang='lat' dir='ltr'>hilum</span> <span class='ocrx_word' id='word_1_36' title='bbox 661 456 740 506; x_wconf 89' lang='lat' dir='ltr'>quidem</span> <span class='ocrx_word' id='word_1_37' title='bbox 748 459 849 508; x_wconf 90' lang='lat' dir='ltr'>parcatur.</span> <span class='ocrx_word' id='word_1_38' title='bbox 872 455 925 500; x_wconf 74' lang='lat' dir='ltr'>auid</span> <span class='ocrx_word' id='word_1_39' title='bbox 933 454 1009 494; x_wconf 68' lang='lat' dir='ltr'>multae</span> 
     </span>
     <span class='ocr_line' id='line_1_6' title="bbox 36 520 1008 574; baseline 0 -13"><span class='ocrx_word' id='word_1_40' title='bbox 36 523 54 561; x_wconf 89' lang='lat' dir='ltr'>si</span> <span class='ocrx_word' id='word_1_41' title='bbox 67 522 104 563; x_wconf 92' lang='lat' dir='ltr'>viri</span> <span class='ocrx_word' id='word_1_42' title='bbox 119 521 170 560; x_wconf 90' lang='lat' dir='ltr'>docti</span> <span class='ocrx_word' id='word_1_43' title='bbox 185 521 254 560; x_wconf 86' lang='lat' dir='ltr'>falsam</span> <span class='ocrx_word' id='word_1_44' title='bbox 269 521 342 561; x_wconf 89' lang='lat' dir='ltr'>sentire</span> <span class='ocrx_word' id='word_1_45' title='bbox 356 524 476 573; x_wconf 88' lang='lat' dir='ltr'>coeperunt,</span> <span class='ocrx_word' id='word_1_46' title='bbox 490 532 590 574; x_wconf 88' lang='lat' dir='ltr'>saepene</span> <span class='ocrx_word' id='word_1_47' title='bbox 604 523 646 559; x_wconf 88' lang='lat' dir='ltr'>tum</span> <span class='ocrx_word' id='word_1_48' title='bbox 659 520 737 572; x_wconf 88' lang='lat' dir='ltr'>quidem</span> <span class='ocrx_word' id='word_1_49' title='bbox 751 527 849 563; x_wconf 25' lang='lat' dir='ltr'>ancoratu</span> <span class='ocrx_word' id='word_1_50' title='bbox 861 536 897 562; x_wconf 90' lang='lat' dir='ltr'>sno</span> <span class='ocrx_word' id='word_1_51' title='bbox 911 534 1008 562; x_wconf 87' lang='lat' dir='ltr'>revocan-</span> 
     </span>
     <span class='ocr_line' id='line_1_7' title="bbox 34 586 1007 643; baseline -0.001 -13"><span class='ocrx_word' id='word_1_52' title='bbox 34 595 74 641; x_wconf 85' lang='lat' dir='ltr'>tur,</span> <span class='ocrx_word' id='word_1_53' title='bbox 83 602 144 641; x_wconf 90' lang='lat' dir='ltr'>quum</span> <span class='ocrx_word' id='word_1_54' title='bbox 157 588 243 638; x_wconf 85' lang='lat' dir='ltr'>rnaxima</span> <span class='ocrx_word' id='word_1_55' title='bbox 256 602 345 641; x_wconf 90' lang='lat' dir='ltr'>quaeque</span> <span class='ocrx_word' id='word_1_56' title='bbox 359 593 380 627; x_wconf 88' lang='lat' dir='ltr'>et</span> <span class='ocrx_word' id='word_1_57' title='bbox 393 587 513 640; x_wconf 85' lang='lat' dir='ltr'>gravissima</span> <span class='ocrx_word' id='word_1_58' title='bbox 526 588 546 627; x_wconf 90' lang='lat' dir='ltr'>in</span> <span class='ocrx_word' id='word_1_59' title='bbox 559 587 649 640; x_wconf 90' lang='lat' dir='ltr'>pericula</span> <span class='ocrx_word' id='word_1_60' title='bbox 662 586 751 626; x_wconf 80' lang='lat' dir='ltr'>incidere</span> <span class='ocrx_word' id='word_1_61' title='bbox 764 589 852 631; x_wconf 89' lang='lat' dir='ltr'>viderint.</span> <span class='ocrx_word' id='word_1_62' title='bbox 866 590 947 629; x_wconf 67' lang='lat' dir='ltr'>{nsunt</span> <span class='ocrx_word' id='word_1_63' title='bbox 959 604 1007 643; x_wconf 90' lang='lat' dir='ltr'>pro-</span> 
     </span>
     <span class='ocr_line' id='line_1_8' title="bbox 35 653 1007 708; baseline 0 -12"><span class='ocrx_word' id='word_1_64' title='bbox 35 657 87 697; x_wconf 87' lang='lat' dir='ltr'>fecto</span> <span class='ocrx_word' id='word_1_65' title='bbox 99 659 181 699; x_wconf 86' lang='lat' dir='ltr'>veraet</span> <span class='ocrx_word' id='word_1_66' title='bbox 193 655 294 707; x_wconf 86' lang='lat' dir='ltr'>praeclara</span> <span class='ocrx_word' id='word_1_67' title='bbox 306 653 413 706; x_wconf 88' lang='lat' dir='ltr'>permulta,</span> <span class='ocrx_word' id='word_1_68' title='bbox 429 669 480 708; x_wconf 85' lang='lat' dir='ltr'>quae</span> <span class='ocrx_word' id='word_1_69' title='bbox 497 655 548 695; x_wconf 92' lang='lat' dir='ltr'>hunc</span> <span class='ocrx_word' id='word_1_70' title='bbox 560 655 633 694; x_wconf 89' lang='lat' dir='ltr'>librum</span> <span class='ocrx_word' id='word_1_71' title='bbox 647 654 776 706; x_wconf 67' lang='lat' dir='ltr'>ornant,=sed</span> <span class='ocrx_word' id='word_1_72' title='bbox 789 659 817 694; x_wconf 89' lang='lat' dir='ltr'>tot</span> <span class='ocrx_word' id='word_1_73' title='bbox 830 658 927 696; x_wconf 88' lang='lat' dir='ltr'>erroribus</span> <span class='ocrx_word' id='word_1_74' title='bbox 941 658 1007 696; x_wconf 85' lang='lat' dir='ltr'>mixta</span> 
     </span>
     <span class='ocr_line' id='line_1_9' title="bbox 36 721 1004 775; baseline 0 -13"><span class='ocrx_word' id='word_1_75' title='bbox 36 727 56 762; x_wconf 90' lang='lat' dir='ltr'>et</span> <span class='ocrx_word' id='word_1_76' title='bbox 68 726 188 775; x_wconf 89' lang='lat' dir='ltr'>temperata,</span> <span class='ocrx_word' id='word_1_77' title='bbox 203 726 225 761; x_wconf 91' lang='lat' dir='ltr'>ut</span> <span class='ocrx_word' id='word_1_78' title='bbox 241 723 275 763; x_wconf 82' lang='lat' dir='ltr'>vix</span> <span class='ocrx_word' id='word_1_79' title='bbox 288 722 330 761; x_wconf 91' lang='lat' dir='ltr'>sine</span> <span class='ocrx_word' id='word_1_80' title='bbox 344 721 426 761; x_wconf 85' lang='lat' dir='ltr'>fastidio</span> <span class='ocrx_word' id='word_1_81' title='bbox 444 736 488 762; x_wconf 89' lang='lat' dir='ltr'>eum</span> <span class='ocrx_word' id='word_1_82' title='bbox 498 722 698 775; x_wconf 87' lang='lat' dir='ltr'>perlegerepossis,</span> <span class='ocrx_word' id='word_1_83' title='bbox 715 722 753 762; x_wconf 89' lang='lat' dir='ltr'>etsi</span> <span class='ocrx_word' id='word_1_84' title='bbox 767 723 897 773; x_wconf 77' lang='lat' dir='ltr'>sagacitatem</span> <span class='ocrx_word' id='word_1_85' title='bbox 911 724 1004 764; x_wconf 89' lang='lat' dir='ltr'>admirari</span> 
     </span>
     <span class='ocr_line' id='line_1_10' title="bbox 34 789 623 842; baseline -0.002 -13"><span class='ocrx_word' id='word_1_86' title='bbox 34 791 128 842; x_wconf 89' lang='lat' dir='ltr'>cogimur,</span> <span class='ocrx_word' id='word_1_87' title='bbox 139 803 181 842; x_wconf 87' lang='lat' dir='ltr'>qua</span> <span class='ocrx_word' id='word_1_88' title='bbox 193 802 258 842; x_wconf 87' lang='lat' dir='ltr'>usque·</span> <span class='ocrx_word' id='word_1_89' title='bbox 267 789 364 829; x_wconf 85' lang='lat' dir='ltr'>adfinem</span> <span class='ocrx_word' id='word_1_90' title='bbox 379 789 446 828; x_wconf 89' lang='lat' dir='ltr'>omnia</span> <span class='ocrx_word' id='word_1_91' title='bbox 459 793 609 840; x_wconf 87' lang='lat' dir='ltr'>pestraetantur.</span> <span class='ocrx_word' id='word_1_92' title='bbox 622 815 623 818; x_wconf 60' lang='lat'><em>=</em></span> 
     </span>
    </p>
   </div>
   <div class='ocr_carea' id='block_1_3' title="bbox 492 955 542 1017">
    <p class='ocr_par' dir='ltr' id='par_1_4' title="bbox 492 955 542 1017">
     <span class='ocr_line' id='line_1_11' title="bbox 492 955 542 1017; baseline 0.08 -20"><span class='ocrx_word' id='word_1_93' title='bbox 492 955 542 1017; x_wconf 79' lang='lat' dir='ltr'>vr.</span> 
     </span>
    </p>
   </div>
   <div class='ocr_carea' id='block_1_4' title="bbox 33 1055 1004 1919">
    <p class='ocr_par' dir='ltr' id='par_1_5' title="bbox 34 1055 1003 1518">
     <span class='ocr_line' id='line_1_12' title="bbox 123 1055 1003 1109; baseline 0.002 -13"><span class='ocrx_word' id='word_1_94' title='bbox 123 1056 191 1107; x_wconf 78' lang='lat' dir='ltr'>„Harec</span> <span class='ocrx_word' id='word_1_95' title='bbox 204 1057 293 1108; x_wconf 87' lang='lat' dir='ltr'>historia,</span> <span class='ocrx_word' id='word_1_96' title='bbox 307 1058 335 1096; x_wconf 90' lang='lat' dir='ltr'>ait</span> <span class='ocrx_word' id='word_1_97' title='bbox 348 1058 444 1097; x_wconf 84' lang='lat' dir='ltr'>Erasmus</span> <span class='ocrx_word' id='word_1_98' title='bbox 458 1057 483 1096; x_wconf 86' lang='lat' dir='ltr'>de</span> <span class='ocrx_word' id='word_1_99' title='bbox 497 1057 566 1096; x_wconf 83' lang='lat' dir='ltr'>Lucae</span> <span class='ocrx_word' id='word_1_100' title='bbox 583 1055 641 1095; x_wconf 89' lang='lat' dir='ltr'>Actis</span> <span class='ocrx_word' id='word_1_101' title='bbox 654 1056 822 1109; x_wconf 84' lang='lat' dir='ltr'>Apostolorum,“</span> <span class='ocrx_word' id='word_1_102' title='bbox 839 1058 884 1109; x_wconf 92' lang='lat' dir='ltr'>quid</span> <span class='ocrx_word' id='word_1_103' title='bbox 894 1058 952 1097; x_wconf 88' lang='lat' dir='ltr'>aliud</span> <span class='ocrx_word' id='word_1_104' title='bbox 971 1063 1003 1099; x_wconf 87' lang='lat' dir='ltr'>est</span> 
     </span>
     <span class='ocr_line' id='line_1_13' title="bbox 35 1122 1003 1178; baseline 0.003 -15"><span class='ocrx_word' id='word_1_105' title='bbox 35 1122 93 1178; x_wconf 85' lang='lat' dir='ltr'>quam</span> <span class='ocrx_word' id='word_1_106' title='bbox 107 1124 210 1176; x_wconf 82' lang='lat' dir='ltr'>Evangelii</span> <span class='ocrx_word' id='word_1_107' title='bbox 224 1138 271 1176; x_wconf 90' lang='lat' dir='ltr'>pars</span> <span class='ocrx_word' id='word_1_108' title='bbox 289 1138 350 1177; x_wconf 87' lang='lat' dir='ltr'>eaque</span> <span class='ocrx_word' id='word_1_109' title='bbox 370 1138 416 1164; x_wconf 89' lang='lat' dir='ltr'>meo</span> <span class='ocrx_word' id='word_1_110' title='bbox 433 1124 513 1164; x_wconf 54' lang='lat' dir='ltr'>iudicio*</span> <span class='ocrx_word' id='word_1_111' title='bbox 523 1137 561 1163; x_wconf 90' lang='lat' dir='ltr'>nou</span> <span class='ocrx_word' id='word_1_112' title='bbox 577 1123 670 1163; x_wconf 75' lang='lat' dir='ltr'>minimat</span> <span class='ocrx_word' id='word_1_113' title='bbox 696 1124 719 1163; x_wconf 88' lang='lat' dir='ltr'>Si</span> <span class='ocrx_word' id='word_1_114' title='bbox 733 1124 812 1176; x_wconf 86' lang='lat' dir='ltr'>quidem</span> <span class='ocrx_word' id='word_1_115' title='bbox 830 1123 869 1163; x_wconf 90' lang='lat' dir='ltr'>illie</span> <span class='ocrx_word' id='word_1_116' title='bbox 885 1125 1003 1166; x_wconf 82' lang='lat' dir='ltr'>describitur</span> 
     </span>
     <span class='ocr_line' id='line_1_14' title="bbox 34 1191 1003 1244; baseline 0.002 -13"><span class='ocrx_word' id='word_1_117' title='bbox 34 1205 117 1244; x_wconf 84' lang='lat' dir='ltr'>granum</span> <span class='ocrx_word' id='word_1_118' title='bbox 126 1191 217 1232; x_wconf 79' lang='lat' dir='ltr'>frumenti</span> <span class='ocrx_word' id='word_1_119' title='bbox 228 1191 270 1230; x_wconf 92' lang='lat' dir='ltr'>solo</span> <span class='ocrx_word' id='word_1_120' title='bbox 285 1192 392 1242; x_wconf 89' lang='lat' dir='ltr'>eonditum,</span> <span class='ocrx_word' id='word_1_121' title='bbox 407 1192 440 1231; x_wconf 91' lang='lat' dir='ltr'>hic</span> <span class='ocrx_word' id='word_1_122' title='bbox 454 1191 573 1231; x_wconf 79' lang='lat' dir='ltr'>describitur</span> <span class='ocrx_word' id='word_1_123' title='bbox 587 1195 664 1230; x_wconf 89' lang='lat' dir='ltr'>enatum</span> <span class='ocrx_word' id='word_1_124' title='bbox 679 1205 764 1244; x_wconf 91' lang='lat' dir='ltr'>suasque</span> <span class='ocrx_word' id='word_1_125' title='bbox 774 1191 869 1243; x_wconf 90' lang='lat' dir='ltr'>paulatim</span> <span class='ocrx_word' id='word_1_126' title='bbox 880 1193 971 1244; x_wconf 89' lang='lat' dir='ltr'>aperiens</span> <span class='ocrx_word' id='word_1_127' title='bbox 979 1207 1003 1233; x_wconf 84' lang='lat' dir='ltr'>ac</span> 
     </span>
     <span class='ocr_line' id='line_1_15' title="bbox 34 1257 1002 1313; baseline 0.003 -16"><span class='ocrx_word' id='word_1_128' title='bbox 34 1259 138 1311; x_wconf 87' lang='lat' dir='ltr'>proferens</span> <span class='ocrx_word' id='word_1_129' title='bbox 152 1273 205 1311; x_wconf 82' lang='lat' dir='ltr'>opes.</span> <span class='ocrx_word' id='word_1_130' title='bbox 234 1258 324 1302; x_wconf 73' lang='lat' dir='ltr'>Quadri</span> <span class='ocrx_word' id='word_1_131' title='bbox 338 1273 375 1312; x_wconf 91' lang='lat' dir='ltr'>per</span> <span class='ocrx_word' id='word_1_132' title='bbox 388 1259 465 1298; x_wconf 88' lang='lat' dir='ltr'>Lucam</span> <span class='ocrx_word' id='word_1_133' title='bbox 479 1258 647 1311; x_wconf 79' lang='lat' dir='ltr'>cognovissemus,</span> <span class='ocrx_word' id='word_1_134' title='bbox 659 1259 729 1311; x_wconf 85' lang='lat' dir='ltr'>quihus</span> <span class='ocrx_word' id='word_1_135' title='bbox 744 1259 808 1298; x_wconf 91' lang='lat' dir='ltr'>modis</span> <span class='ocrx_word' id='word_1_136' title='bbox 818 1257 1002 1313; x_wconf 79' lang='lat' dir='ltr'>Christusrelique-</span> 
     </span>
     <span class='ocr_line' id='line_1_16' title="bbox 34 1326 1002 1379; baseline 0.001 -14"><span class='ocrx_word' id='word_1_137' title='bbox 34 1327 60 1365; x_wconf 91' lang='lat' dir='ltr'>rit</span> <span class='ocrx_word' id='word_1_138' title='bbox 72 1331 144 1376; x_wconf 90' lang='lat' dir='ltr'>terras,</span> <span class='ocrx_word' id='word_1_139' title='bbox 157 1327 198 1377; x_wconf 87' lang='lat' dir='ltr'>ubi,</span> <span class='ocrx_word' id='word_1_140' title='bbox 210 1339 247 1378; x_wconf 87' lang='lat' dir='ltr'>quo</span> <span class='ocrx_word' id='word_1_141' title='bbox 263 1326 314 1377; x_wconf 88' lang='lat' dir='ltr'>loco,</span> <span class='ocrx_word' id='word_1_142' title='bbox 328 1327 399 1379; x_wconf 90' lang='lat' dir='ltr'>quibus</span> <span class='ocrx_word' id='word_1_143' title='bbox 413 1328 478 1366; x_wconf 89' lang='lat' dir='ltr'>modis</span> <span class='ocrx_word' id='word_1_144' title='bbox 492 1326 596 1367; x_wconf 83' lang='lat' dir='ltr'>advenerit</span> <span class='ocrx_word' id='word_1_145' title='bbox 605 1326 713 1377; x_wconf 88' lang='lat' dir='ltr'>promissus</span> <span class='ocrx_word' id='word_1_146' title='bbox 722 1326 757 1366; x_wconf 91' lang='lat' dir='ltr'>ille</span> <span class='ocrx_word' id='word_1_147' title='bbox 764 1326 854 1377; x_wconf 87' lang='lat' dir='ltr'>spiritns,</span> <span class='ocrx_word' id='word_1_148' title='bbox 863 1326 934 1379; x_wconf 90' lang='lat' dir='ltr'>quibus</span> <span class='ocrx_word' id='word_1_149' title='bbox 940 1327 1002 1366; x_wconf 89' lang='lat' dir='ltr'>initiis</span> 
     </span>
     <span class='ocr_line' id='line_1_17' title="bbox 35 1393 1002 1446; baseline 0 -13"><span class='ocrx_word' id='word_1_150' title='bbox 35 1395 125 1446; x_wconf 88' lang='lat' dir='ltr'>coeperit</span> <span class='ocrx_word' id='word_1_151' title='bbox 138 1394 229 1444; x_wconf 89' lang='lat' dir='ltr'>ecclesia,</span> <span class='ocrx_word' id='word_1_152' title='bbox 244 1394 313 1446; x_wconf 91' lang='lat' dir='ltr'>quibus</span> <span class='ocrx_word' id='word_1_153' title='bbox 327 1394 387 1433; x_wconf 90' lang='lat' dir='ltr'>rebus</span> <span class='ocrx_word' id='word_1_154' title='bbox 404 1394 505 1446; x_wconf 89' lang='lat' dir='ltr'>polluerit,</span> <span class='ocrx_word' id='word_1_155' title='bbox 523 1393 594 1446; x_wconf 89' lang='lat' dir='ltr'>quibus</span> <span class='ocrx_word' id='word_1_156' title='bbox 611 1394 695 1433; x_wconf 85' lang='lat' dir='ltr'>creverit</span> <span class='ocrx_word' id='word_1_157' title='bbox 712 1393 832 1444; x_wconf 86' lang='lat' dir='ltr'>rationibus,</span> <span class='ocrx_word' id='word_1_158' title='bbox 850 1406 915 1432; x_wconf 89' lang='lat' dir='ltr'>nonne</span> <span class='ocrx_word' id='word_1_159' title='bbox 931 1394 1002 1440; x_wconf 85' lang='lat' dir='ltr'>honam</span> 
     </span>
     <span class='ocr_line' id='line_1_18' title="bbox 34 1460 580 1518; baseline -0.004 -17"><span class='ocrx_word' id='word_1_160' title='bbox 34 1460 137 1512; x_wconf 75' lang='lat' dir='ltr'>Evangelii</span> <span class='ocrx_word' id='word_1_161' title='bbox 150 1466 228 1512; x_wconf 90' lang='lat' dir='ltr'>partem</span> <span class='ocrx_word' id='word_1_162' title='bbox 241 1461 413 1513; x_wconf 67' lang='lat' dir='ltr'>ignorassemusf‘</span> <span class='ocrx_word' id='word_1_163' title='bbox 576 1513 580 1518; x_wconf 12' lang='grc' dir='ltr'>κ</span> 
     </span>
    </p>

    <p class='ocr_par' dir='ltr' id='par_1_6' title="bbox 33 1528 1004 1919">
     <span class='ocr_line' id='line_1_19' title="bbox 124 1528 1002 1568; baseline 0.001 -2"><span class='ocrx_word' id='word_1_164' title='bbox 124 1528 157 1567; x_wconf 87' lang='lat' dir='ltr'>lta</span> <span class='ocrx_word' id='word_1_165' title='bbox 170 1532 248 1568; x_wconf 89' lang='lat' dir='ltr'>veteres</span> <span class='ocrx_word' id='word_1_166' title='bbox 262 1529 286 1568; x_wconf 93' lang='lat' dir='ltr'>de</span> <span class='ocrx_word' id='word_1_167' title='bbox 300 1542 360 1568; x_wconf 89' lang='lat' dir='ltr'>aureo</span> <span class='ocrx_word' id='word_1_168' title='bbox 377 1528 448 1568; x_wconf 87' lang='lat' dir='ltr'>Lucae</span> <span class='ocrx_word' id='word_1_169' title='bbox 465 1528 533 1568; x_wconf 91' lang='lat' dir='ltr'>libello</span> <span class='ocrx_word' id='word_1_170' title='bbox 550 1528 673 1567; x_wconf 87' lang='lat' dir='ltr'>iudicarunt:</span> <span class='ocrx_word' id='word_1_171' title='bbox 696 1529 814 1568; x_wconf 82' lang='lat' dir='ltr'>nostratium</span> <span class='ocrx_word' id='word_1_172' title='bbox 833 1533 902 1567; x_wconf 89' lang='lat' dir='ltr'>contra</span> <span class='ocrx_word' id='word_1_173' title='bbox 916 1528 1002 1568; x_wconf 90' lang='lat' dir='ltr'>nonnulli</span> 
     </span>
     <span class='ocr_line' id='line_1_20' title="bbox 33 1595 1002 1649; baseline 0.001 -16"><span class='ocrx_word' id='word_1_174' title='bbox 33 1595 77 1647; x_wconf 91' lang='lat' dir='ltr'>quis</span> <span class='ocrx_word' id='word_1_175' title='bbox 86 1595 143 1647; x_wconf 91' lang='lat' dir='ltr'>plura</span> <span class='ocrx_word' id='word_1_176' title='bbox 152 1596 169 1635; x_wconf 93' lang='lat' dir='ltr'>ei</span> <span class='ocrx_word' id='word_1_177' title='bbox 180 1596 341 1648; x_wconf 88' lang='lat' dir='ltr'>peccataprobro</span> <span class='ocrx_word' id='word_1_178' title='bbox 354 1601 442 1647; x_wconf 88' lang='lat' dir='ltr'>vertere,</span> <span class='ocrx_word' id='word_1_179' title='bbox 457 1596 501 1649; x_wconf 90' lang='lat' dir='ltr'>quis</span> <span class='ocrx_word' id='word_1_180' title='bbox 512 1600 594 1649; x_wconf 90' lang='lat' dir='ltr'>propter</span> <span class='ocrx_word' id='word_1_181' title='bbox 608 1610 633 1636; x_wconf 90' lang='lat' dir='ltr'>ea</span> <span class='ocrx_word' id='word_1_182' title='bbox 646 1609 696 1648; x_wconf 78' lang='lat' dir='ltr'>(quae</span> <span class='ocrx_word' id='word_1_183' title='bbox 710 1599 744 1634; x_wconf 92' lang='lat' dir='ltr'>aut</span> <span class='ocrx_word' id='word_1_184' title='bbox 757 1596 861 1648; x_wconf 86' lang='lat' dir='ltr'>scripserit</span> <span class='ocrx_word' id='word_1_185' title='bbox 871 1601 904 1634; x_wconf 91' lang='lat' dir='ltr'>aul</span> <span class='ocrx_word' id='word_1_186' title='bbox 914 1596 1002 1636; x_wconf 88' lang='lat' dir='ltr'>omiserit</span> 
     </span>
     <span class='ocr_line' id='line_1_21' title="bbox 34 1662 1002 1715; baseline 0.001 -14"><span class='ocrx_word' id='word_1_187' title='bbox 34 1662 151 1701; x_wconf 75' lang='lat' dir='ltr'>malitiosius</span> <span class='ocrx_word' id='word_1_188' title='bbox 166 1667 186 1702; x_wconf 92' lang='lat' dir='ltr'>et</span> <span class='ocrx_word' id='word_1_189' title='bbox 199 1663 286 1702; x_wconf 84' lang='lat' dir='ltr'>odiosius</span> <span class='ocrx_word' id='word_1_190' title='bbox 300 1676 344 1702; x_wconf 91' lang='lat' dir='ltr'>eum</span> <span class='ocrx_word' id='word_1_191' title='bbox 357 1663 508 1714; x_wconf 85' lang='lat' dir='ltr'>reprehendere</span> <span class='ocrx_word' id='word_1_192' title='bbox 527 1663 599 1715; x_wconf 87' lang='lat' dir='ltr'>possit,</span> <span class='ocrx_word' id='word_1_193' title='bbox 612 1664 665 1702; x_wconf 89' lang='lat' dir='ltr'>iuter</span> <span class='ocrx_word' id='word_1_194' title='bbox 679 1677 700 1703; x_wconf 92' lang='lat' dir='ltr'>se</span> <span class='ocrx_word' id='word_1_195' title='bbox 714 1667 797 1704; x_wconf 85' lang='lat' dir='ltr'>certant.</span> <span class='ocrx_word' id='word_1_196' title='bbox 818 1663 884 1715; x_wconf 88' lang='lat' dir='ltr'>Atque</span> <span class='ocrx_word' id='word_1_197' title='bbox 898 1662 1002 1702; x_wconf 86' lang='lat' dir='ltr'>historiam</span> 
     </span>
     <span class='ocr_line' id='line_1_22' title="bbox 36 1730 1002 1784; baseline 0.002 -16"><span class='ocrx_word' id='word_1_198' title='bbox 36 1730 113 1781; x_wconf 89' lang='lat' dir='ltr'>quidem</span> <span class='ocrx_word' id='word_1_199' title='bbox 130 1730 154 1769; x_wconf 89' lang='lat' dir='ltr'>ab</span> <span class='ocrx_word' id='word_1_200' title='bbox 169 1730 221 1769; x_wconf 75' lang='lat' dir='ltr'>ouini</span> <span class='ocrx_word' id='word_1_201' title='bbox 235 1735 292 1781; x_wconf 87' lang='lat' dir='ltr'>parte</span> <span class='ocrx_word' id='word_1_202' title='bbox 306 1730 417 1770; x_wconf 86' lang='lat' dir='ltr'>absolutam</span> <span class='ocrx_word' id='word_1_203' title='bbox 431 1735 515 1784; x_wconf 87' lang='lat' dir='ltr'>propter</span> <span class='ocrx_word' id='word_1_204' title='bbox 530 1744 564 1781; x_wconf 88' lang='lat' dir='ltr'>ea,</span> <span class='ocrx_word' id='word_1_205' title='bbox 583 1744 635 1783; x_wconf 90' lang='lat' dir='ltr'>quac</span> <span class='ocrx_word' id='word_1_206' title='bbox 651 1730 691 1769; x_wconf 90' lang='lat' dir='ltr'>iam</span> <span class='ocrx_word' id='word_1_207' title='bbox 708 1730 803 1781; x_wconf 72' lang='lat' dir='ltr'>diximus,</span> <span class='ocrx_word' id='word_1_208' title='bbox 822 1734 928 1783; x_wconf 82' lang='lat' dir='ltr'>expectare</span> <span class='ocrx_word' id='word_1_209' title='bbox 944 1744 1002 1771; x_wconf 84' lang='lat' dir='ltr'>uerno</span> 
     </span>
     <span class='ocr_line' id='line_1_23' title="bbox 33 1796 1002 1851; baseline 0 -15"><span class='ocrx_word' id='word_1_210' title='bbox 33 1801 105 1849; x_wconf 83' lang='lat' dir='ltr'>potest.</span> <span class='ocrx_word' id='word_1_211' title='bbox 133 1797 190 1841; x_wconf 76' lang='lat' dir='ltr'>duod</span> <span class='ocrx_word' id='word_1_212' title='bbox 203 1802 269 1837; x_wconf 88' lang='lat' dir='ltr'>autem</span> <span class='ocrx_word' id='word_1_213' title='bbox 282 1797 387 1838; x_wconf 84' lang='lat' dir='ltr'>Johanues</span> <span class='ocrx_word' id='word_1_214' title='bbox 402 1801 426 1838; x_wconf 92' lang='lat' dir='ltr'>de</span> <span class='ocrx_word' id='word_1_215' title='bbox 440 1798 550 1850; x_wconf 88' lang='lat' dir='ltr'>Evangelio</span> <span class='ocrx_word' id='word_1_216' title='bbox 564 1799 600 1836; x_wconf 82' lang='lat' dir='ltr'>su&#39;o</span> <span class='ocrx_word' id='word_1_217' title='bbox 614 1799 658 1851; x_wconf 90' lang='lat' dir='ltr'>ipse</span> <span class='ocrx_word' id='word_1_218' title='bbox 672 1799 724 1837; x_wconf 91' lang='lat' dir='ltr'>dicit:</span> <span class='ocrx_word' id='word_1_219' title='bbox 741 1797 811 1837; x_wconf 76' lang='grc' dir='ltr'><em>Πολλοὶ</em></span> <span class='ocrx_word' id='word_1_220' title='bbox 820 1796 898 1848; x_wconf 77' lang='grc' dir='ltr'><strong><em>μὲνοῦν</em></strong></span> <span class='ocrx_word' id='word_1_221' title='bbox 907 1799 939 1835; x_wconf 79' lang='grc' dir='ltr'>καὶ</span> <span class='ocrx_word' id='word_1_222' title='bbox 952 1797 1002 1836; x_wconf 76' lang='grc' dir='ltr'><em>ἄλλα</em></span> 
     </span>
     <span class='ocr_line' id='line_1_24' title="bbox 35 1863 1004 1919; baseline 0 -17"><span class='ocrx_word' id='word_1_223' title='bbox 35 1871 101 1914; x_wconf 80' lang='grc' dir='ltr'><strong><em>σημεῖα</em></strong></span> <span class='ocrx_word' id='word_1_224' title='bbox 110 1863 214 1917; x_wconf 79' lang='grc' dir='ltr'><strong><em>ἕτεοίησενὸ</em></strong></span> <span class='ocrx_word' id='word_1_225' title='bbox 225 1864 299 1917; x_wconf 70' lang='grc' dir='ltr'><em>Ἰησοῦς</em></span> <span class='ocrx_word' id='word_1_226' title='bbox 312 1866 395 1905; x_wconf 72' lang='grc' dir='ltr'>ἐντόπιον</span> <span class='ocrx_word' id='word_1_227' title='bbox 408 1868 446 1905; x_wconf 77' lang='grc' dir='ltr'>τῶν</span> <span class='ocrx_word' id='word_1_228' title='bbox 458 1868 551 1918; x_wconf 70' lang='grc' dir='ltr'><strong><em>μαθητῶν</em></strong></span> <span class='ocrx_word' id='word_1_229' title='bbox 564 1864 632 1912; x_wconf 79' lang='grc' dir='ltr'><strong><em>αὑτοῦ,</em></strong></span> <span class='ocrx_word' id='word_1_230' title='bbox 645 1867 659 1904; x_wconf 78' lang='lat' dir='ltr'>o‘i</span> <span class='ocrx_word' id='word_1_231' title='bbox 673 1864 706 1905; x_wconf 75' lang='lat' dir='ltr'>oda</span> <span class='ocrx_word' id='word_1_232' title='bbox 718 1864 757 1904; x_wconf 76' lang='grc' dir='ltr'><strong><em>ἕστε</em></strong></span> <span class='ocrx_word' id='word_1_233' title='bbox 769 1867 890 1917; x_wconf 79' lang='grc' dir='ltr'><em>γεγραμμένα</em></span> <span class='ocrx_word' id='word_1_234' title='bbox 903 1864 923 1903; x_wconf 77' lang='grc' dir='ltr'>ἓν</span> <span class='ocrx_word' id='word_1_235' title='bbox 932 1869 959 1919; x_wconf 76' lang='grc' dir='ltr'>τῷ</span> <span class='ocrx_word' id='word_1_236' title='bbox 971 1868 1004 1914; x_wconf 86' lang='grc' dir='ltr'>βι-</span> 
     </span>
    </p>
   </div>
   <div class='ocr_carea' id='block_1_5' title="bbox 32 1930 1001 2120">
    <p class='ocr_par' dir='ltr' id='par_1_7' title="bbox 32 1930 1001 2120">
     <span class='ocr_line' id='line_1_25' title="bbox 32 1930 1001 1986; baseline 0 -16"><span class='ocrx_word' id='word_1_237' title='bbox 32 1931 79 1984; x_wconf 74' lang='grc' dir='ltr'>βλίῳ</span> <span class='ocrx_word' id='word_1_238' title='bbox 92 1932 156 1986; x_wconf 62' lang='grc' dir='ltr'><strong><em>τούτῳ</em></strong></span> <span class='ocrx_word' id='word_1_239' title='bbox 166 1935 226 1972; x_wconf 73' lang='grc' dir='ltr'><strong><em>ταῦτα</em></strong></span> <span class='ocrx_word' id='word_1_240' title='bbox 240 1932 261 1970; x_wconf 75' lang='grc' dir='ltr'>δὲ</span> <span class='ocrx_word' id='word_1_241' title='bbox 274 1935 382 1983; x_wconf 64' lang='grc' dir='ltr'><strong><em>γέγραπται,</em></strong></span> <span class='ocrx_word' id='word_1_242' title='bbox 396 1937 428 1972; x_wconf 78' lang='grc' dir='ltr'>ἵνα</span> <span class='ocrx_word' id='word_1_243' title='bbox 437 1934 557 1984; x_wconf 60' lang='lat' dir='ltr'>avocaverat,</span> <span class='ocrx_word' id='word_1_244' title='bbox 564 1932 594 1971; x_wconf 82' lang='grc' dir='ltr'>ὅτι</span> <span class='ocrx_word' id='word_1_245' title='bbox 605 1932 616 1972; x_wconf 82' lang='grc' dir='ltr'><em>ὃ</em></span> <span class='ocrx_word' id='word_1_246' title='bbox 627 1933 701 1985; x_wconf 70' lang='grc' dir='ltr'><em>Ἰησοῦς</em></span> <span class='ocrx_word' id='word_1_247' title='bbox 709 1930 777 1971; x_wconf 70' lang='grc' dir='ltr'><strong><em>ε’στινὸ</em></strong></span> <span class='ocrx_word' id='word_1_248' title='bbox 786 1932 876 1982; x_wconf 78' lang='grc' dir='ltr'><strong><em>Χριστὸς,</em></strong></span> <span class='ocrx_word' id='word_1_249' title='bbox 889 1930 900 1972; x_wconf 79' lang='grc' dir='ltr'><em>ὅ</em></span> <span class='ocrx_word' id='word_1_250' title='bbox 914 1931 954 1978; x_wconf 75' lang='grc' dir='ltr'><strong><em>υἱὸς</em></strong></span> <span class='ocrx_word' id='word_1_251' title='bbox 967 1935 1001 1972; x_wconf 81' lang='grc' dir='ltr'>τοῦ</span> 
     </span>
     <span class='ocr_line' id='line_1_26' title="bbox 33 1998 991 2052; baseline 0.005 -16"><span class='ocrx_word' id='word_1_252' title='bbox 33 2001 87 2045; x_wconf 70' lang='grc' dir='ltr'><strong><em>θεοῦ,</em></strong></span> <span class='ocrx_word' id='word_1_253' title='bbox 96 2001 126 2037; x_wconf 79' lang='grc' dir='ltr'>καὶ</span> <span class='ocrx_word' id='word_1_254' title='bbox 139 2003 171 2038; x_wconf 79' lang='lat' dir='ltr'>tva</span> <span class='ocrx_word' id='word_1_255' title='bbox 183 2000 301 2049; x_wconf 63' lang='grc' dir='ltr'><strong><em>πιστεύοντες</em></strong></span> <span class='ocrx_word' id='word_1_256' title='bbox 315 1999 361 2052; x_wconf 76' lang='grc' dir='ltr'>ζωὴν</span> <span class='ocrx_word' id='word_1_257' title='bbox 375 1999 427 2052; x_wconf 74' lang='grc' dir='ltr'><strong><em>ἔχητε</em></strong></span> <span class='ocrx_word' id='word_1_258' title='bbox 443 2000 464 2039; x_wconf 75' lang='grc' dir='ltr'>ἓν</span> <span class='ocrx_word' id='word_1_259' title='bbox 477 2002 504 2052; x_wconf 73' lang='grc' dir='ltr'>τῷ</span> <span class='ocrx_word' id='word_1_260' title='bbox 517 1998 598 2048; x_wconf 76' lang='grc' dir='ltr'><strong><em>ὀνόματι</em></strong></span> <span class='ocrx_word' id='word_1_261' title='bbox 615 1998 695 2041; x_wconf 48' lang='lat' dir='ltr'>advoca</span> <span class='ocrx_word' id='word_1_262' title='bbox 712 1998 767 2051; x_wconf 85' lang='lat' dir='ltr'>(Joh.</span> <span class='ocrx_word' id='word_1_263' title='bbox 781 2000 818 2040; x_wconf 83' lang='lat' dir='ltr'>[lv.</span> <span class='ocrx_word' id='word_1_264' title='bbox 836 2000 885 2040; x_wconf 85' lang='lat' dir='ltr'>XX.</span> <span class='ocrx_word' id='word_1_265' title='bbox 903 2000 935 2042; x_wconf 82' lang='lat'>30.</span> <span class='ocrx_word' id='word_1_266' title='bbox 952 2000 991 2049; x_wconf 80' lang='grc'>31.)</span> 
     </span>
     <span class='ocr_line' id='line_1_27' title="bbox 34 2066 1000 2120; baseline 0.002 -17"><span class='ocrx_word' id='word_1_267' title='bbox 34 2066 85 2105; x_wconf 87' lang='lat' dir='ltr'>idem</span> <span class='ocrx_word' id='word_1_268' title='bbox 100 2079 134 2105; x_wconf 90' lang='lat' dir='ltr'>suo</span> <span class='ocrx_word' id='word_1_269' title='bbox 148 2066 198 2105; x_wconf 91' lang='lat' dir='ltr'>libro</span> <span class='ocrx_word' id='word_1_270' title='bbox 211 2066 278 2105; x_wconf 89' lang='lat' dir='ltr'>Lucas</span> <span class='ocrx_word' id='word_1_271' title='bbox 293 2067 310 2105; x_wconf 85' lang='lat' dir='ltr'>si</span> <span class='ocrx_word' id='word_1_272' title='bbox 324 2067 469 2119; x_wconf 85' lang='lat' dir='ltr'>inscripsisset,</span> <span class='ocrx_word' id='word_1_273' title='bbox 483 2068 535 2106; x_wconf 58' lang='lat' dir='ltr'>ariani</span> <span class='ocrx_word' id='word_1_274' title='bbox 550 2067 608 2106; x_wconf 88' lang='lat' dir='ltr'>nobis</span> <span class='ocrx_word' id='word_1_275' title='bbox 622 2081 661 2120; x_wconf 92' lang='lat' dir='ltr'>qna</span> <span class='ocrx_word' id='word_1_276' title='bbox 674 2068 745 2106; x_wconf 86' lang='lat' dir='ltr'>iustum</span> <span class='ocrx_word' id='word_1_277' title='bbox 754 2069 785 2107; x_wconf 58' lang='lat' dir='ltr'>,de</span> <span class='ocrx_word' id='word_1_278' title='bbox 803 2080 827 2107; x_wconf 90' lang='lat' dir='ltr'>eo</span> <span class='ocrx_word' id='word_1_279' title='bbox 842 2067 940 2117; x_wconf 89' lang='lat' dir='ltr'>judicium</span> <span class='ocrx_word' id='word_1_280' title='bbox 958 2067 1000 2107; x_wconf 85' lang='lat' dir='ltr'>lieri</span> 
     </span>
    </p>
   </div>
   <div class='ocr_carea' id='block_1_6' title="bbox 33 2133 1002 2863">
    <p class='ocr_par' dir='ltr' id='par_1_8' title="bbox 33 2133 1002 2863">
     <span class='ocr_line' id='line_1_28' title="bbox 35 2133 1001 2186; baseline 0 -14"><span class='ocrx_word' id='word_1_281' title='bbox 35 2134 124 2183; x_wconf 82' lang='lat' dir='ltr'>deberet,</span> <span class='ocrx_word' id='word_1_282' title='bbox 141 2139 276 2175; x_wconf 85' lang='lat' dir='ltr'>monstrasset.</span> <span class='ocrx_word' id='word_1_283' title='bbox 305 2134 414 2174; x_wconf 81' lang='lat' dir='ltr'>Consilium</span> <span class='ocrx_word' id='word_1_284' title='bbox 430 2136 482 2175; x_wconf 82' lang='lat' dir='ltr'>eninr</span> <span class='ocrx_word' id='word_1_285' title='bbox 496 2135 539 2173; x_wconf 90' lang='lat' dir='ltr'>cius</span> <span class='ocrx_word' id='word_1_286' title='bbox 552 2133 591 2173; x_wconf 85' lang='lat' dir='ltr'>fuit</span> <span class='ocrx_word' id='word_1_287' title='bbox 604 2134 677 2174; x_wconf 87' lang='lat' dir='ltr'>nullum</span> <span class='ocrx_word' id='word_1_288' title='bbox 692 2134 730 2172; x_wconf 86' lang='lat' dir='ltr'>nisi</span> <span class='ocrx_word' id='word_1_289' title='bbox 744 2139 766 2174; x_wconf 90' lang='lat' dir='ltr'>ut</span> <span class='ocrx_word' id='word_1_290' title='bbox 779 2135 839 2174; x_wconf 89' lang='lat' dir='ltr'>fidem</span> <span class='ocrx_word' id='word_1_291' title='bbox 852 2135 944 2186; x_wconf 86' lang='lat' dir='ltr'>legentes</span> <span class='ocrx_word' id='word_1_292' title='bbox 962 2148 1001 2172; x_wconf 88' lang='lat' dir='ltr'>aru-</span> 
     </span>
     <span class='ocr_line' id='line_1_29' title="bbox 33 2200 1002 2255; baseline 0.001 -16"><span class='ocrx_word' id='word_1_293' title='bbox 33 2200 168 2251; x_wconf 83' lang='lat' dir='ltr'>pleetercntur</span> <span class='ocrx_word' id='word_1_294' title='bbox 181 2201 304 2255; x_wconf 83' lang='lat' dir='ltr'>salutemque</span> <span class='ocrx_word' id='word_1_295' title='bbox 317 2203 356 2241; x_wconf 90' lang='lat' dir='ltr'>sibi</span> <span class='ocrx_word' id='word_1_296' title='bbox 370 2207 472 2255; x_wconf 89' lang='lat' dir='ltr'>pararent:</span> <span class='ocrx_word' id='word_1_297' title='bbox 500 2201 560 2253; x_wconf 88' lang='lat' dir='ltr'>idque</span> <span class='ocrx_word' id='word_1_298' title='bbox 576 2202 663 2241; x_wconf 87' lang='lat' dir='ltr'>narratis</span> <span class='ocrx_word' id='word_1_299' title='bbox 678 2202 737 2241; x_wconf 88' lang='lat' dir='ltr'>rehus</span> <span class='ocrx_word' id='word_1_300' title='bbox 755 2216 767 2240; x_wconf 90' lang='lat' dir='ltr'>a</span> <span class='ocrx_word' id='word_1_301' title='bbox 781 2202 863 2242; x_wconf 76' lang='lat' dir='ltr'>Christo</span> <span class='ocrx_word' id='word_1_302' title='bbox 880 2202 901 2240; x_wconf 90' lang='lat' dir='ltr'>in</span> <span class='ocrx_word' id='word_1_303' title='bbox 915 2201 1002 2241; x_wconf 87' lang='lat' dir='ltr'>eeclesia</span> 
     </span>
     <span class='ocr_line' id='line_1_30' title="bbox 33 2269 1002 2322; baseline 0.002 -16"><span class='ocrx_word' id='word_1_304' title='bbox 33 2269 97 2318; x_wconf 78' lang='lat' dir='ltr'>gestis</span> <span class='ocrx_word' id='word_1_305' title='bbox 111 2270 189 2322; x_wconf 86' lang='lat' dir='ltr'>assequi</span> <span class='ocrx_word' id='word_1_306' title='bbox 203 2271 284 2320; x_wconf 89' lang='lat' dir='ltr'>studuit,</span> <span class='ocrx_word' id='word_1_307' title='bbox 297 2284 336 2308; x_wconf 91' lang='lat' dir='ltr'>non</span> <span class='ocrx_word' id='word_1_308' title='bbox 350 2270 447 2320; x_wconf 89' lang='lat' dir='ltr'>onmibns,</span> <span class='ocrx_word' id='word_1_309' title='bbox 462 2292 486 2299; x_wconf 88' lang='lat'>—</span> <span class='ocrx_word' id='word_1_310' title='bbox 500 2282 539 2307; x_wconf 90' lang='lat' dir='ltr'>non</span> <span class='ocrx_word' id='word_1_311' title='bbox 554 2274 598 2308; x_wconf 90' lang='lat' dir='ltr'>erat</span> <span class='ocrx_word' id='word_1_312' title='bbox 612 2270 662 2309; x_wconf 85' lang='lat' dir='ltr'>enirn</span> <span class='ocrx_word' id='word_1_313' title='bbox 676 2274 698 2308; x_wconf 91' lang='lat' dir='ltr'>ut</span> <span class='ocrx_word' id='word_1_314' title='bbox 711 2270 816 2310; x_wconf 88' lang='lat' dir='ltr'>consilinm</span> <span class='ocrx_word' id='word_1_315' title='bbox 829 2271 876 2310; x_wconf 90' lang='lat' dir='ltr'>illud</span> <span class='ocrx_word' id='word_1_316' title='bbox 886 2283 1002 2321; x_wconf 87' lang='lat' dir='ltr'>assequere—</span> 
     </span>
     <span class='ocr_line' id='line_1_31' title="bbox 33 2336 1000 2390; baseline 0.002 -17"><span class='ocrx_word' id='word_1_317' title='bbox 33 2338 66 2373; x_wconf 89' lang='lat' dir='ltr'>tur</span> <span class='ocrx_word' id='word_1_318' title='bbox 79 2337 219 2387; x_wconf 90' lang='lat' dir='ltr'>necessarium,</span> <span class='ocrx_word' id='word_1_319' title='bbox 232 2361 257 2366; x_wconf 82' lang='lat'><strong>—</strong></span> <span class='ocrx_word' id='word_1_320' title='bbox 271 2338 306 2377; x_wconf 87' lang='lat' dir='ltr'>sed</span> <span class='ocrx_word' id='word_1_321' title='bbox 321 2337 417 2389; x_wconf 82' lang='lat' dir='ltr'>singulis,</span> <span class='ocrx_word' id='word_1_322' title='bbox 426 2350 476 2390; x_wconf 88' lang='lat' dir='ltr'>quac</span> <span class='ocrx_word' id='word_1_323' title='bbox 489 2336 595 2388; x_wconf 85' lang='lat' dir='ltr'>potissima</span> <span class='ocrx_word' id='word_1_324' title='bbox 608 2350 653 2376; x_wconf 89' lang='lat' dir='ltr'>esse</span> <span class='ocrx_word' id='word_1_325' title='bbox 667 2337 800 2389; x_wconf 80' lang='lat' dir='ltr'>corriperissct</span> <span class='ocrx_word' id='word_1_326' title='bbox 812 2339 850 2385; x_wconf 89' lang='lat' dir='ltr'>vel,</span> <span class='ocrx_word' id='word_1_327' title='bbox 863 2342 885 2376; x_wconf 90' lang='lat' dir='ltr'>ut</span> <span class='ocrx_word' id='word_1_328' title='bbox 894 2337 1000 2377; x_wconf 88' lang='lat' dir='ltr'>verisimile</span> 
     </span>
     <span class='ocr_line' id='line_1_32' title="bbox 35 2396 999 2460; baseline 0.007 -20"><span class='ocrx_word' id='word_1_329' title='bbox 35 2406 73 2453; x_wconf 89' lang='lat' dir='ltr'>est,</span> <span class='ocrx_word' id='word_1_330' title='bbox 89 2415 138 2454; x_wconf 78' lang='lat' dir='ltr'>quae</span> <span class='ocrx_word' id='word_1_331' title='bbox 153 2417 211 2455; x_wconf 89' lang='lat' dir='ltr'>qunm</span> <span class='ocrx_word' id='word_1_332' title='bbox 225 2406 295 2444; x_wconf 90' lang='lat' dir='ltr'>erehro</span> <span class='ocrx_word' id='word_1_333' title='bbox 310 2406 334 2444; x_wconf 87' lang='lat' dir='ltr'>ab</span> <span class='ocrx_word' id='word_1_334' title='bbox 349 2406 392 2457; x_wconf 88' lang='lat' dir='ltr'>ipso</span> <span class='ocrx_word' id='word_1_335' title='bbox 408 2405 509 2456; x_wconf 82' lang='lat' dir='ltr'>explicata</span> <span class='ocrx_word' id='word_1_336' title='bbox 523 2396 597 2455; x_wconf 88' lang='lat' dir='ltr'>essent,</span> <span class='ocrx_word' id='word_1_337' title='bbox 611 2405 630 2443; x_wconf 90' lang='lat' dir='ltr'>in</span> <span class='ocrx_word' id='word_1_338' title='bbox 644 2403 683 2443; x_wconf 88' lang='lat' dir='ltr'>fide</span> <span class='ocrx_word' id='word_1_339' title='bbox 693 2405 794 2445; x_wconf 85' lang='lat' dir='ltr'>homiuum</span> <span class='ocrx_word' id='word_1_340' title='bbox 805 2409 912 2449; x_wconf 85' lang='lat' dir='ltr'>excitanda</span> <span class='ocrx_word' id='word_1_341' title='bbox 925 2410 999 2460; x_wconf 89' lang='lat' dir='ltr'>saepis-</span> 
     </span>
     <span class='ocr_line' id='line_1_33' title="bbox 34 2470 998 2529; baseline 0.006 -21"><span class='ocrx_word' id='word_1_342' title='bbox 34 2470 83 2509; x_wconf 88' lang='lat' dir='ltr'>sime</span> <span class='ocrx_word' id='word_1_343' title='bbox 96 2470 135 2521; x_wconf 91' lang='lat' dir='ltr'>ipsi</span> <span class='ocrx_word' id='word_1_344' title='bbox 145 2470 282 2523; x_wconf 85' lang='lat' dir='ltr'>hominumque</span> <span class='ocrx_word' id='word_1_345' title='bbox 293 2472 390 2512; x_wconf 88' lang='lat' dir='ltr'>debilitati</span> <span class='ocrx_word' id='word_1_346' title='bbox 404 2471 548 2513; x_wconf 87' lang='lat' dir='ltr'>subvenissent.</span> <span class='ocrx_word' id='word_1_347' title='bbox 572 2473 613 2511; x_wconf 89' lang='lat' dir='ltr'>Res</span> <span class='ocrx_word' id='word_1_348' title='bbox 623 2472 674 2511; x_wconf 91' lang='lat' dir='ltr'>enim</span> <span class='ocrx_word' id='word_1_349' title='bbox 684 2472 830 2523; x_wconf 83' lang='lat' dir='ltr'>plurimae&#39;jam</span> <span class='ocrx_word' id='word_1_350' title='bbox 841 2478 932 2529; x_wconf 90' lang='lat' dir='ltr'>cognitae</span> <span class='ocrx_word' id='word_1_351' title='bbox 942 2480 998 2515; x_wconf 86' lang='lat' dir='ltr'>erant</span> 
     </span>
     <span class='ocr_line' id='line_1_34' title="bbox 34 2530 1000 2593; baseline 0.008 -19"><span class='ocrx_word' id='word_1_352' title='bbox 34 2537 130 2589; x_wconf 85' lang='lat' dir='ltr'>plurimis,</span> <span class='ocrx_word' id='word_1_353' title='bbox 143 2538 179 2576; x_wconf 88' lang='lat' dir='ltr'>sed</span> <span class='ocrx_word' id='word_1_354' title='bbox 192 2538 305 2589; x_wconf 83' lang='lat' dir='ltr'>singulatim</span> <span class='ocrx_word' id='word_1_355' title='bbox 320 2540 433 2592; x_wconf 80' lang='lat' dir='ltr'>expositae,</span> <span class='ocrx_word' id='word_1_356' title='bbox 447 2552 486 2577; x_wconf 88' lang='lat' dir='ltr'>nou</span> <span class='ocrx_word' id='word_1_357' title='bbox 500 2553 538 2578; x_wconf 89' lang='lat' dir='ltr'>uno</span> <span class='ocrx_word' id='word_1_358' title='bbox 557 2539 713 2591; x_wconf 86' lang='lat' dir='ltr'>comprehensae</span> <span class='ocrx_word' id='word_1_359' title='bbox 730 2530 841 2593; x_wconf 87' lang='lat' dir='ltr'>volumine,</span> <span class='ocrx_word' id='word_1_360' title='bbox 859 2559 896 2584; x_wconf 90' lang='lat' dir='ltr'>uec</span> <span class='ocrx_word' id='word_1_361' title='bbox 912 2543 970 2581; x_wconf 84' lang='lat' dir='ltr'>sinurl</span> <span class='ocrx_word' id='word_1_362' title='bbox 987 2558 1000 2582; x_wconf 89' lang='lat' dir='ltr'>a</span> 
     </span>
     <span class='ocr_line' id='line_1_35' title="bbox 35 2605 999 2661; baseline 0.011 -20"><span class='ocrx_word' id='word_1_363' title='bbox 35 2616 131 2656; x_wconf 90' lang='lat' dir='ltr'>quoquam</span> <span class='ocrx_word' id='word_1_364' title='bbox 146 2605 170 2644; x_wconf 89' lang='lat' dir='ltr'>ab</span> <span class='ocrx_word' id='word_1_365' title='bbox 184 2605 239 2644; x_wconf 90' lang='lat' dir='ltr'>initio</span> <span class='ocrx_word' id='word_1_366' title='bbox 254 2619 315 2658; x_wconf 89' lang='lat' dir='ltr'>usquc</span> <span class='ocrx_word' id='word_1_367' title='bbox 330 2609 355 2646; x_wconf 87' lang='lat' dir='ltr'>ad</span> <span class='ocrx_word' id='word_1_368' title='bbox 369 2606 428 2647; x_wconf 88' lang='lat' dir='ltr'>finem</span> <span class='ocrx_word' id='word_1_369' title='bbox 442 2608 565 2659; x_wconf 89' lang='lat' dir='ltr'>propositae.</span> <span class='ocrx_word' id='word_1_370' title='bbox 591 2607 637 2646; x_wconf 73' lang='lat' dir='ltr'>aaa</span> <span class='ocrx_word' id='word_1_371' title='bbox 651 2620 706 2645; x_wconf 62' lang='lat' dir='ltr'>unrrsv</span> <span class='ocrx_word' id='word_1_372' title='bbox 715 2610 896 2661; x_wconf 76' lang='lat' dir='ltr'>Evamgelistarum,</span> <span class='ocrx_word' id='word_1_373' title='bbox 906 2610 937 2660; x_wconf 81' lang='lat' dir='ltr'>qui</span> <span class='ocrx_word' id='word_1_374' title='bbox 948 2609 999 2649; x_wconf 82' lang='lat' dir='ltr'>Jcsu</span> 
     </span>
     <span class='ocr_line' id='line_1_36' title="bbox 33 2671 999 2729; baseline 0.007 -17"><span class='ocrx_word' id='word_1_375' title='bbox 33 2671 94 2712; x_wconf 89' lang='lat' dir='ltr'>vitam</span> <span class='ocrx_word' id='word_1_376' title='bbox 107 2672 183 2713; x_wconf 82' lang='lat' dir='ltr'>reterre</span> <span class='ocrx_word' id='word_1_377' title='bbox 198 2672 229 2713; x_wconf 88' lang='lat' dir='ltr'>dci</span> <span class='ocrx_word' id='word_1_378' title='bbox 247 2674 312 2724; x_wconf 86' lang='lat' dir='ltr'>gratia</span> <span class='ocrx_word' id='word_1_379' title='bbox 329 2676 434 2725; x_wconf 85' lang='lat' dir='ltr'>didicerat,</span> <span class='ocrx_word' id='word_1_380' title='bbox 447 2688 498 2727; x_wconf 87' lang='lat' dir='ltr'>quae</span> <span class='ocrx_word' id='word_1_381' title='bbox 517 2676 541 2715; x_wconf 94' lang='lat' dir='ltr'>de</span> <span class='ocrx_word' id='word_1_382' title='bbox 558 2674 645 2713; x_wconf 89' lang='lat' dir='ltr'>ecclesia</span> <span class='ocrx_word' id='word_1_383' title='bbox 659 2674 774 2716; x_wconf 76' lang='lat' dir='ltr'>Christiana</span> <span class='ocrx_word' id='word_1_384' title='bbox 792 2692 804 2717; x_wconf 87' lang='lat' dir='ltr'>a</span> <span class='ocrx_word' id='word_1_385' title='bbox 822 2679 885 2718; x_wconf 72' lang='lat' dir='ltr'>{livino</span> <span class='ocrx_word' id='word_1_386' title='bbox 903 2678 999 2729; x_wconf 85' lang='lat' dir='ltr'>magistro</span> 
     </span>
     <span class='ocr_line' id='line_1_37' title="bbox 36 2740 1000 2796; baseline 0.009 -18"><span class='ocrx_word' id='word_1_387' title='bbox 36 2753 71 2778; x_wconf 89' lang='lat' dir='ltr'>suo</span> <span class='ocrx_word' id='word_1_388' title='bbox 81 2740 190 2789; x_wconf 86' lang='lat' dir='ltr'>gubernata</span> <span class='ocrx_word' id='word_1_389' title='bbox 198 2744 322 2793; x_wconf 79' lang='lat' dir='ltr'>&#39;cognoverat</span> <span class='ocrx_word' id='word_1_390' title='bbox 336 2757 360 2782; x_wconf 90' lang='lat' dir='ltr'>ae</span> <span class='ocrx_word' id='word_1_391' title='bbox 370 2743 485 2795; x_wconf 86' lang='lat' dir='ltr'>singulatim</span> <span class='ocrx_word' id='word_1_392' title='bbox 499 2743 590 2795; x_wconf 89' lang='lat' dir='ltr'>proferre</span> <span class='ocrx_word' id='word_1_393' title='bbox 602 2749 739 2796; x_wconf 84' lang='lat' dir='ltr'>consueverat,</span> <span class='ocrx_word' id='word_1_394' title='bbox 754 2746 836 2785; x_wconf 78' lang='lat' dir='ltr'>clntrtae</span> <span class='ocrx_word' id='word_1_395' title='bbox 849 2746 942 2784; x_wconf 87' lang='lat' dir='ltr'>ruaudare</span> <span class='ocrx_word' id='word_1_396' title='bbox 952 2760 1000 2787; x_wconf 87' lang='lat' dir='ltr'>con-</span> 
     </span>
     <span class='ocr_line' id='line_1_38' title="bbox 35 2807 1000 2863; baseline 0.008 -18"><span class='ocrx_word' id='word_1_397' title='bbox 35 2809 104 2850; x_wconf 88' lang='lat' dir='ltr'>stitnit.</span> <span class='ocrx_word' id='word_1_398' title='bbox 131 2807 189 2851; x_wconf 72' lang='lat' dir='ltr'>(duod</span> <span class='ocrx_word' id='word_1_399' title='bbox 203 2822 259 2860; x_wconf 72' lang='lat' dir='ltr'>(praua</span> <span class='ocrx_word' id='word_1_400' title='bbox 272 2808 360 2862; x_wconf 79' lang='lat' dir='ltr'>faceret,</span> <span class='ocrx_word' id='word_1_401' title='bbox 371 2810 451 2862; x_wconf 83' lang='lat' dir='ltr'>singula</span> <span class='ocrx_word' id='word_1_402' title='bbox 465 2814 486 2849; x_wconf 88' lang='lat' dir='ltr'>ut</span> <span class='ocrx_word' id='word_1_403' title='bbox 500 2811 597 2851; x_wconf 87' lang='lat' dir='ltr'>didicerat</span> <span class='ocrx_word' id='word_1_404' title='bbox 610 2809 686 2851; x_wconf 82' lang='lat' dir='ltr'>referre</span> <span class='ocrx_word' id='word_1_405' title='bbox 701 2813 718 2851; x_wconf 89' lang='lat' dir='ltr'>ci</span> <span class='ocrx_word' id='word_1_406' title='bbox 733 2813 815 2863; x_wconf 84' lang='lat' dir='ltr'>licebat,</span> <span class='ocrx_word' id='word_1_407' title='bbox 836 2814 871 2851; x_wconf 91' lang='lat' dir='ltr'>scd</span> <span class='ocrx_word' id='word_1_408' title='bbox 886 2812 961 2855; x_wconf 88' lang='lat' dir='ltr'>addere</span> <span class='ocrx_word' id='word_1_409' title='bbox 976 2830 1000 2855; x_wconf 83' lang='lat' dir='ltr'>ca</span> 
     </span>
    </p>
   </div>
   <div class='ocr_carea' id='block_1_7' title="bbox 0 0 1062 3193">
    <p class='ocr_par' dir='ltr' id='par_1_9' title="bbox 0 0 1062 3193">
     <span class='ocr_line' id='line_1_39' title="bbox 0 0 1062 3193; baseline 0 1"><span class='ocrx_word' id='word_1_410' title='bbox 0 0 1062 3193; x_wconf 95' lang='lat' dir='ltr'> </span> 
     </span>
    </p>
   </div>
  </div>
 </body>
</html>
