2113 3193
977 114 1005 169 319

127 240 230 296 Disiuueta
242 252 289 280 vero
304 243 335 284 est
349 239 370 276 in
383 251 407 282 re
421 232 506 289 ‹puadaui
524 237 610 285 maxima
624 251 635 276 a
648 236 724 282 Vetere
738 235 873 283 Testameato
890 233 941 284 Novi
955 234 1004 283 Tes-¹

38 308 121 354 lamenti
135 308 252 359 scriptorum
265 304 370 351 sententia.
389 303 460 351 cesus
474 302 564 350 Christus
578 305 630 352 caim
644 309 665 343 ut
678 301 761 351 salutem
775 303 834 342 uobis
849 301 923 352 attulit,
936 302 966 351 ita
975 302 1005 341 hi-

37 376 111 417 storiae
120 376 181 420 totius
195 376 298 418 decursum
312 387 324 411 a
337 370 436 423 principio
450 382 514 422 usque
528 369 554 406 ad
566 368 662 417 infinitum
674 375 752 422 tempus
765 371 851 423 aperuit,
866 375 887 410 et
900 370 926 409 ah
940 368 1006 419 oculis

36 443 111 488 aostris
124 442 219 485 tenebras
231 439 317 491 dispulit.
345 438 411 485 Quum
426 438 479 485 euim
494 437 519 475 de
535 434 628 483 ,Iohanne
640 436 752 487 loqueretur
767 438 830 486 lllath.
849 438 892 489 XI,
912 437 1005 490 ipsein÷

37 511 119 561 dicauit,
134 510 160 556 in,
167 522 190 553 eo
200 508 308 559 praeterita
316 506 378 556 finiri,
393 520 405 545 a
415 518 495 546 senova
504 502 685 555 saeculainoipere.
702 503 818 556 Sedpaucis
828 520 886 545 suam
893 505 1004 557 doctrinam

37 576 213 631 significavitnec
226 575 284 628 plane
298 574 377 624 singula
390 573 495 623 revelavit,
509 572 560 621 haee
574 570 640 614 onmia
653 570 730 622 spiritui
744 580 808 617 sancto
821 573 935 621 relicturus.
962 572 1004 622 Va.-

37 646 104 689 ticinia
117 643 181 695 igitur
191 643 256 689 omnia
268 655 329 694 usque
343 641 370 679 ad
383 639 498 680 Johauuem
511 639 578 687 ualere
593 639 669 688 docuit,
684 637 730 691 quia
744 638 763 676 iu
777 652 800 677 eo
815 652 870 683 suum
885 642 959 689 exitum
972 641 1004 690 iu.-¹

36 713 122 756 ueniunt.
137 710 193 755 auae
207 710 272 750 omnia
288 721 408 762 quamquam
422 708 441 753 iu
455 721 515 760 paruo
523 707 644 755 ,Iudaeorum
654 705 726 758 populo
733 705 814 758 proprie
822 708 902 756 radices
911 713 1002 761 egerunt,

36 785 103 820 tamen
123 779 140 817 is
159 778 205 829 ipse
222 777 306 829 populus
326 790 339 814 a
359 776 423 827 primo
442 774 498 818 initio
516 788 593 826 semper
614 778 677 821 totum
698 774 764 813 orbem
786 778 886 823 terrarum
906 776 1003 826 spectavit

37 852 58 888 et
74 846 154 889 Christo
175 846 224 884 duce
244 858 289 884 eum
306 845 343 882 deo
365 842 466 889 subiicere
487 843 558 893 coepit.
585 842 638 889 Hinc
658 845 725 890 natura
746 846 777 888 est
789 841 850 892 illud,
877 844 929 894 quod
948 848 1002 886 vete-

36 929 70 955 res
84 913 162 952 omuino
176 926 215 951 uon
228 915 333 961 noverunt,
346 910 473 950 recentiores
487 922 561 947 summo
575 911 638 949 studio
653 909 790 960 excoluerunt,
803 909 910 956 historiam
920 910 965 949 dieo
974 915 1003 954 to·

36 982 76 1021 tius
87 981 140 1020 orbis
149 986 250 1026 terrarum,
264 977 370 1023 Elementa
379 970 451 1023 autern
464 990 528 1026 norae
540 977 623 1022 rationis
636 977 711 1016 Paulus
725 977 745 1015 iu
762 977 859 1028 Epistolis
871 990 921 1029 prae
931 977 1004 1016 ceteris

36 1049 142 1101 perspicue
156 1046 269 1099 explicavit,
283 1046 315 1099 qui
330 1050 350 1085 et
367 1045 491 1084 ¹ludaeorum
509 1044 610 1096 gentilium
626 1050 721 1096 patronus
736 1058 792 1094 esse,
808 1058 941 1097 magnamque
957 1058 1004 1096 par.-

36 1123 77 1157 tem
94 1122 160 1159 terrae
177 1128 294 1167 peragrare,
311 1113 388 1166 totique
409 1112 452 1159 orbi
469 1111 597 1162 euangelium
612 1112 671 1163 ferre,
696 1126 721 1152 ue
735 1125 849 1164 proponere
873 1112 950 1163 quidem
964 1112 1003 1160 sibl

36 1184 141 1236 potuisset,
155 1183 193 1221 uisi
209 1183 241 1227 dei
255 1181 340 1221 consilia
353 1181 471 1232 perspicere
486 1179 524 1218 sibi
537 1179 591 1226 visus
605 1184 664 1220 esset.
677 1179 727 1219 Erat
741 1179 793 1218 eninr
808 1179 873 1229 cultus
890 1179 921 1228 dei
938 1179 1002 1232 qualis

38 1265 82 1292 esse
97 1251 156 1290 dehet
169 1254 259 1301 repertrrs
273 1254 293 1288 ct
306 1250 338 1289 via
355 1247 426 1288 salutis
441 1250 560 1298 monstrata,
579 1260 629 1299 quae
642 1261 680 1286 una
694 1260 763 1294 onmes
780 1246 867 1298 populos
882 1249 1002 1298 conjungere

37 1324 58 1360 et
70 1324 168 1371 tamquam
184 1317 271 1357 ciusdem
285 1316 348 1368 patris
362 1315 414 1361 filios
432 1315 452 1353 in
471 1314 598 1362 concordiam
614 1328 707 1361 summam
725 1316 798 1354 ducere
815 1318 891 1366 potest,
918 1314 1002 1365 Spiritus

37 1390 118 1426 sanctus
132 1386 203 1429 missus
218 1389 267 1434 erat,
282 1384 315 1436 qui
328 1385 394 1423 πτίττοι
408 1383 481 1435 ἐρευνᾷ,
493 1384 525 1427 καὶ
538 1381 562 1428 τοὶ
575 1383 627 1433 βάθη
640 1384 673 1421 τοῦ
685 1385 734 1427 θεοῦ
746 1382 762 1422 l.
781 1381 827 1422 Gor.
837 1383 856 1430 2,
871 1382 902 1423 10.
912 1395 973 1434 eaque
982 1381 1003 1420 in

36 1454 121 1493 historia
134 1453 235 1493 homiuum
249 1457 269 1491 et
281 1451 358 1502 quaerit
372 1455 394 1490 et
407 1450 488 1490 invenit.
516 1448 591 1495 Paulus
605 1449 663 1501 igitur
677 1455 696 1488 et
708 1450 820 1502 praeterita
834 1454 854 1488 et
861 1449 932 1497 lutura
938 1454 1003 1500 mente

37 1536 62 1562 ao
75 1521 151 1560 ratione
165 1533 200 1562 sua
214 1519 323 1570 coniungit,
341 1519 445 1564 exorditur
462 1517 528 1563 omnia
545 1530 557 1554 a
574 1516 643 1567 primis
656 1518 687 1556 dei
700 1518 788 1564 consiliis
805 1521 826 1559 et
840 1530 907 1569 neque
921 1518 947 1556 ad
960 1516 1004 1567 ulti·

36 1604 94 1630 nrunr
103 1587 168 1630 ruurnli
183 1588 242 1637 diem,
254 1588 310 1635 cujus
323 1591 400 1625 certam
415 1586 512 1637 qrraudam
526 1584 633 1636 imaginem
646 1590 729 1635 spectat,
742 1585 877 1637 progreditur.
898 1571 969 1635 ,Jllpetg
982 1584 1003 1633 δὲ

36 1660 123 1703 adurat
144 1656 172 1695 ait
185 1654 297 1699 Pouhrsad
312 1653 438 1700 Corinthll.
453 1653 471 1699 3.
487 1652 524 1702 18,
540 1650 720 1706 „civaaeaaivpptvp
739 1653 833 1706 apogoiap
846 1652 881 1704 τὴν
895 1651 956 1700 δόξαν
971 1665 1003 1691 au-

36 1729 78 1777 ρίοο
91 1722 258 1774 κατοπτριζόμενοι,
271 1722 304 1774 τὴν
318 1721 378 1773 αὐτὴν
392 1722 457 1766 εἰκόνα
470 1719 646 1771 μεταμορφούμεθα
656 1719 694 1758 cirri
708 1720 763 1772 δόξης
777 1721 803 1768 εἰς
817 1720 899 1768 δόξαν.“

127 1790 184 1833 Haec
198 1790 247 1833 artis
261 1789 369 1833 historicae
383 1788 454 1838 formu,
467 1787 485 1826 si
499 1787 585 1839 quaeris,
599 1787 650 1837 apud
660 1801 716 1840 quern
725 1787 843 1837 scriptorem
852 1791 895 1833 tota
905 1788 1003 1840 gravitate

37 1866 57 1900 et
72 1859 169 1910 dignitate
182 1871 218 1896 sua
231 1856 349 1908 reperiatur,
363 1860 446 1908 praeter
454 1854 566 1900 Johanuern
580 1854 678 1902 neminem
692 1855 771 1893 dixeris.
794 1853 858 1902 Jesus
873 1869 917 1903 eum
932 1855 1004 1903 docuit,

36 1928 76 1968 viru
91 1927 133 1966 eius
147 1924 221 1968 Paulus
234 1924 347 1976 perspexit3
364 1924 488 1972 Matthaeus,
505 1921 595 1971 Marcus,
612 1921 679 1969 ercas
693 1936 740 1974 opus
754 1922 884 1974 inehoaruut3
901 1921 1003 1971 ,Iohannes

36 1993 202 2047 perfectissimum
217 1992 259 2030 eius
274 1991 386 2042 exemplum
400 1990 510 2043 proposuit.

127 2059 213 2099 Naturae
227 2064 292 2099 autern
305 2073 371 2099 rerum
387 2059 485 2107 convenit,
499 2058 550 2109 quod
564 2058 588 2096 iis
603 2057 635 2109 qui
645 2057 701 2109 prirui
711 2070 752 2095 reru
762 2071 859 2096 summanr
869 2063 1004 2109 susceperant,

38 2132 63 2168 ad
76 2128 178 2180 fastigium
192 2142 254 2181 usquc
268 2140 311 2179 caru
324 2129 436 2179 perducere
450 2139 488 2164 non
502 2123 582 2171 licebat.
604 2124 667 2164 Erant
681 2124 731 2163 enim
744 2125 837 2176 primurn,
852 2139 904 2178 quae
914 2126 1004 2177 dispersa

37 2197 124 2246 fuerant,
135 2196 256 2247 colligenda3
269 2193 319 2237 Jesu
329 2195 385 2234 diota
393 2199 413 2233 et
418 2193 473 2233 saeta
480 2193 554 2238 sensim
561 2193 613 2233 inter
622 2206 643 2230 so
653 2192 704 2242 iungi
713 2192 737 2230 ed
747 2193 773 2234 ad
782 2197 859 2239 certam
869 2193 955 2246 aliquam
964 2192 1005 2233 for-

37 2277 88 2303 mam
99 2263 163 2316 redigi
176 2264 281 2313 dehebant,
291 2267 311 2304 ut
321 2262 383 2315 plena
391 2261 465 2300 Christi
477 2260 542 2312 imago
553 2260 665 2312 patefieret:
676 2273 714 2306 uuo
724 2260 801 2305 denium
812 2262 832 2299 in
841 2261 893 2300 libro
903 2266 1006 2313 postquam

36 2337 78 2371 tres
91 2331 169 2382 priores
177 2331 319 2382 Evangelistae
333 2330 446 2369 arctissime
461 2328 545 2367 connexi
559 2333 612 2380 suut,
623 2341 658 2365 sua
671 2327 752 2379 quisque
762 2326 821 2367 laude
831 2328 944 2379 splendent.
965 2329 1005 2374 Sed

37 2399 141 2440 Johauucs
155 2399 229 2438 muneri
242 2412 289 2440 vere
303 2397 413 2445 satisfecit,
434 2396 538 2448 divinaque
555 2395 644 2448 magistri
661 2395 690 2433 sui
704 2399 774 2434 natura
789 2396 880 2441 omnihus
894 2401 1005 2448 perspecta,

38 2480 97 2521 quum
105 2465 177 2517 reliqui
186 2464 265 2516 singula
271 2465 316 2506 eius
324 2466 378 2506 vitae
388 2467 488 2507 momenta
497 2477 574 2503 summa
583 2462 685 2514 diligentia
694 2462 830 2513 tradidissent,
842 2477 893 2503 uuus
906 2465 926 2503 in
936 2463 1005 2512 intima

37 2535 94 2588 qnasi
100 2532 282 2586 tempiipenetralia
289 2534 394 2574 uosduxit:
402 2546 441 2575 non
449 2530 548 2572 homiuum
555 2532 660 2583 ingenium,
667 2530 702 2568 scd
708 2531 1005 2582 vivumuohispateFeeitdeoru,

127 2599 227 2652 Imprimis
245 2605 310 2641 auteur
330 2615 423 2654 maguum
444 2600 513 2639 Lucae
531 2596 562 2639 est
582 2600 677 2640 meritum.
710 2599 732 2638 ls
753 2600 804 2639 euim
825 2600 846 2640 iu
867 2600 917 2638 libro
936 2597 1004 2648 priore

38 2670 138 2710 enarravit
158 2667 208 2708 desu
225 2666 297 2727 Christi
319 2669 424 2709 historiam
447 2667 542 2717 uiuentis,
561 2666 668 2718 Apostolos
692 2666 819 2717 instruentis,
840 2667 939 2705 homiuum
953 2679 1006 2705 mor.

37 2738 74 2776 hos
88 2737 186 2786 sanantis,
206 2741 289 2788 peccata
302 2737 444 2785 condonantis,
458 2735 542 2776 salutem
558 2735 705 2787 praeparantis,
724 2735 802 2776 virtutis
818 2747 878 2775 verae
897 2732 1006 2784 imaginem

37 2804 176 2856 proponentis3
190 2804 209 2844 in
223 2803 333 2855 posteriore
347 2819 394 2844 vero
409 2804 480 2848 mortui
494 2803 573 2856 quidem
587 2803 621 2841 sed
636 2803 782 2856 expergefacti,
795 2804 818 2842 ad
831 2801 863 2840 dci
874 2801 966 2840 dextram
976 2816 1006 2841 se-

862 2864 882 2903 31
